@book{hurd2020international,
  title={International organizations: politics, law, practice},
  author={Hurd, Ian},
  year={2020},
  publisher={Cambridge University Press},
  edition = {4}
}