%% This BibTeX bibliography file was created using BibDesk.
%% https://bibdesk.sourceforge.io/

%% Created for Joshua Scriven at 2020-04-26 20:21:53 -0400 


%% Saved with string encoding Unicode (UTF-8) 



@book{Dixon:2016aa,
	Author = {Dixon, Martin and McCorquodale, Robert and Williams, Sarah %@ 0199562717},
	Date = {2016},
	Date-Added = {2020-04-26 20:21:48 -0400},
	Date-Modified = {2020-04-26 20:21:48 -0400},
	Publisher = {Oxford University Press},
	Title = {Cases and materials on international law},
	Year = {2016}}

@book{Von-Glahn:2015aa,
	Author = {Von Glahn, Gerhard and Taulbee, James Larry %@ 1317346912},
	Date = {2015},
	Date-Added = {2020-04-26 19:55:29 -0400},
	Date-Modified = {2020-04-26 19:55:29 -0400},
	Publisher = {Routledge},
	Title = {Law among nations: an introduction to public international law},
	Year = {2015}}

@book{Aust:2010aa,
	Address = {Cambridge, UK},
	Annote = {A good introduction to the subject for students, because it ensures essential knowledge of basic elements of international law. Its approach is pedagogic and practical, focused on the basic theoretical questions as well as on solving day-to-day problems. First edition published in 2005.},
	Author = {Aust, Anthony},
	Date-Added = {2020-04-25 23:49:17 -0400},
	Date-Modified = {2020-04-25 23:49:17 -0400},
	Isbn = {9780521117050},
	Publisher = {Cambridge University Press},
	Title = {Handbook of International Law},
	Ty = {BOOK},
	Year = {2010}}

@book{Brownlie:2008aa,
	Address = {Oxford},
	Annote = {This is surely the most popular English textbook worldwide, with translations into Russian, Japanese, Portuguese, Korean, and Chinese. It is indispensable for students, scholars, and practitioners involved in the study and application of international law. First edition published in 1966.},
	Author = {Brownlie, Ian},
	Date-Added = {2020-04-25 23:49:17 -0400},
	Date-Modified = {2020-04-25 23:49:17 -0400},
	Isbn = {9780199556830},
	Publisher = {Oxford University Press},
	Title = {Principles of Public International Law},
	Ty = {BOOK},
	Year = {2008}}

@book{Daillier:2009aa,
	Address = {Paris},
	Annote = {Appearing for the first time in 1975, this treatise presents a complete panorama of international law that is simple and comprehensive. Devoting more than two hundred pages to the Law of Treaties, it responds to the needs of students and practitioners of international law as well as all those interested in international law.},
	Author = {Daillier, Patrick and Forteau, Mathias and Pellet, Alain},
	Date-Added = {2020-04-25 23:49:17 -0400},
	Date-Modified = {2020-04-25 23:49:17 -0400},
	Isbn = {9782275023908},
	Publisher = {Librairie G{\'e}n{\'e}rale de Droit et de Jurisprudence},
	Title = {Droit International Public},
	Ty = {BOOK},
	Year = {2009}}

@book{Evans:2010aa,
	Address = {Oxford},
	Annote = {This fresh volume offers an open-minded and up-to-date presentation of the essential elements of the international legal system in a clear and accessible fashion for undergraduates. The chapter on treaties is by Melgosia Fitzmaurice. Chapters written by Thirlway, Boyle, Shelton, and Denza are also relevant. Originally published in 2003.},
	Author = {Evans, Malcolm D. },
	Date-Added = {2020-04-25 23:49:17 -0400},
	Date-Modified = {2020-04-25 23:49:17 -0400},
	Isbn = {9780199565665},
	Publisher = {Oxford University Press},
	Title = {International Law},
	Ty = {BOOK},
	Year = {2010}}

@book{Jennings:1992aa,
	Address = {Harlow, UK},
	Annote = {A classic reference treatise, previously revised by Sir Hersch Lauterpacht (8th ed., 1955) and updated in 1992. It is an excellent guide that provides answers to any inquiry on international law and is very helpful for teachers and practitioners but also for students who desire to learn about the topic in greater detail.},
	Author = {Jennings, Robert and Watts, Arthur},
	Date-Added = {2020-04-25 23:49:17 -0400},
	Date-Modified = {2020-04-25 23:49:17 -0400},
	Isbn = {9780582501089},
	Publisher = {Longman},
	Title = {Oppenheim's International Law},
	Ty = {BOOK},
	Year = {1992}}

@book{Kolb:2003aa,
	Address = {Brussels},
	Annote = {An annotated summary of all general courses delivered at The Hague Academy of International Law from 1929 to 1999, either in English or French. Provides guidance on courses that demand more attention or, in the words of the prologue, ``whet the appetite of the reader.''},
	Author = {Kolb, Robert},
	Date-Added = {2020-04-25 23:49:17 -0400},
	Date-Modified = {2020-04-25 23:49:17 -0400},
	Isbn = {9782800413273},
	Publisher = {Bruylant},
	Title = {Les Cours G{\'e}n{\'e}raux de Droit International Public de l'Acad{\'e}mie de La Haye},
	Ty = {BOOK},
	Year = {2003}}

@book{Remiro-Brotons:2007aa,
	Address = {Valencia, Spain},
	Annote = {This treatise, which covers all the fundamental institutions of international law, devotes more than three hundred pages to the Law of Treaties. It offers extensive bibliographical references. The publication of a general course offers a text more accessible to undergraduates.},
	Author = {Remiro Brot{\'o}ns, Antonio},
	Date-Added = {2020-04-25 23:49:17 -0400},
	Date-Modified = {2020-04-25 23:49:17 -0400},
	Isbn = {9788484567981},
	Publisher = {Tirant lo Blanch},
	Title = {Derecho Internacional},
	Ty = {BOOK},
	Year = {2007}}

@book{Shaw:2008aa,
	Address = {Cambridge, UK},
	Annote = {Shaw's extensive work is regarded in the tradition canon as a comprehensive and authoritative introduction to the subject. It devotes one hundred pages to treaty law scattered in various chapters. It is a source of reference for students and practitioners, and should be interesting for lawyers and international officials.},
	Author = {Shaw, Malcom N. },
	Date-Added = {2020-04-25 23:49:17 -0400},
	Date-Modified = {2020-04-25 23:49:17 -0400},
	Isbn = {9780521728140},
	Publisher = {Cambridge University Press},
	Title = {International Law},
	Ty = {BOOK},
	Year = {2008}}

@book{Aust:2007aa,
	Address = {Cambridge, UK},
	Annote = {Coming from an experienced legal adviser of the foreign office, this comprehensive book provides a treatment of the matter where the attention paid to institutions depends on their practical reach. The reading is easy to follow, illustrated with day-to-day anecdotes and written with a sense of humor.},
	Author = {Aust, Anthony},
	Date-Added = {2020-04-25 23:49:17 -0400},
	Date-Modified = {2020-04-25 23:49:17 -0400},
	Isbn = {9780521860970},
	Publisher = {Cambridge University Press},
	Title = {Modern Treaty Law and Practice},
	Ty = {BOOK},
	Year = {2007}}

@book{Cannizaro:2011aa,
	Address = {Oxford},
	Annote = {Analyzes the basic concepts and controversial aspects of the Law of Treaties. Nevertheless, the leitmotif of the book is the interaction of the 1969 Vienna Convention and customary law. It also addresses the influence of the convention on the development of subfields of international law and the concept and role of ius cogens.},
	Author = {Cannizaro, Enzo},
	Date-Added = {2020-04-25 23:49:17 -0400},
	Date-Modified = {2020-04-25 23:49:17 -0400},
	Isbn = {9780199588916},
	Publisher = {Oxford University Press},
	Title = {The Law of the Treaties beyond the Vienna Convention},
	Ty = {BOOK},
	Year = {2011}}

@book{Fitzmaurice:2005aa,
	Address = {Utrecht, The Netherlands},
	Annote = {A collection of eleven essays addressing some of the most important contemporary issues discussed by the doctrine. Some of them are revised versions of previously published works. These essays pay attention in particular to the new areas (e.g., human rights and environment) regulated by treaties. A book for those already well schooled in international law.},
	Author = {Fitzmaurice, Malgosia and Elias, Olufemi},
	Date-Added = {2020-04-25 23:49:17 -0400},
	Date-Modified = {2020-04-25 23:49:17 -0400},
	Isbn = {9789077596067},
	Publisher = {Eleven International},
	Title = {Contemporary Issues in the Law of Treaties},
	Ty = {BOOK},
	Year = {2005}}

@book{McNair:1986aa,
	Address = {Oxford},
	Annote = {A classic work on the subject and the only study extant in the English language for many decades. Its approach is not theoretical but practical, paying special attention to the British doctrine and judicial practice. Its present value is historical. Originally published in 1938.},
	Author = {McNair, Arnold Duncan},
	Date-Added = {2020-04-25 23:49:17 -0400},
	Date-Modified = {2020-04-25 23:49:17 -0400},
	Isbn = {9780198251521},
	Publisher = {Oxford University Press},
	Title = {Law of Treaties},
	Ty = {BOOK},
	Year = {1986}}

@book{Remiro-Brotons:1987aa,
	Address = {Madrid},
	Annote = {Comprehensive study of the Law of Treaties divided into seven parts (Introduction, Formation of Treaties, Participation in Multilateral Treaties, Inter Parties Effects, Effects on Third Parties, Revision and Invalidity, and Termination and Suspension). Very extensive annotated references.},
	Author = {Remiro Brot{\'o}ns, Antonio},
	Date-Added = {2020-04-25 23:49:17 -0400},
	Date-Modified = {2020-04-25 23:49:17 -0400},
	Isbn = {9788430914890},
	Publisher = {Tecnos},
	Title = {Derecho de los tratados},
	Title1 = {Derech internacional p{\'u}blico},
	Ty = {BOOK},
	Volume = {2},
	Year = {1987}}

@book{Reuter:1995aa,
	Address = {London},
	Annote = {Professor Reuter's classic work is a comprehensive and concentrated study of the Law of Treaties but not always easy to read for beginners.},
	Author = {Reuter, Paul},
	Date-Added = {2020-04-25 23:49:17 -0400},
	Date-Modified = {2020-04-25 23:49:17 -0400},
	Isbn = {9780710305022},
	Publisher = {Kegan Paul International},
	Title = {Introduction to the Law of Treaties},
	Ty = {BOOK},
	Year = {1995}}

@book{Rosenne:1989aa,
	Address = {Cambridge, UK},
	Annote = {This is a collection of six autonomous studies addressing selected problems arising out of the three UN conventions on treaties (1969, 1978, and 1986). Some of them are updated versions of previously published works. It is of interest for scholars and practitioners.},
	Author = {Rosenne, Shabtai},
	Date-Added = {2020-04-25 23:49:17 -0400},
	Date-Modified = {2020-04-25 23:49:17 -0400},
	Isbn = {9780521333184},
	Publisher = {Cambridge University Press},
	Title = {Developments in the Law of Treaties (1945--1986)},
	Ty = {BOOK},
	Year = {1989}}

@book{Verzijl:1968aa,
	Address = {Leiden, The Netherlands},
	Annote = {Volume 6 is almost entirely devoted to analyzing different aspects of the Law of Treaties. It includes a historical survey of the contents of treaties on different subject matters.},
	Author = {Verzijl, J.  H.  W. },
	Date-Added = {2020-04-25 23:49:17 -0400},
	Date-Modified = {2020-04-25 23:49:17 -0400},
	Isbn = {9789041105486},
	Publisher = {Sijthoff},
	Title = {International Law in Historical Perspective},
	Ty = {BOOK},
	Year = {1968}}

@book{Bernhardt:1992aa,
	Address = {Amsterdam},
	Annote = {Most of the entries concerning the Law of Treaties first appeared in installment seven of the encyclopedia in 1984. In the final edition, the entries concerning the Law of Treaties (about forty) are dispersed throughout all four volumes. An excellent starting point for beginners. Available online for subscribers.},
	Author = {Bernhardt, Rudolf},
	Date-Added = {2020-04-25 23:49:17 -0400},
	Date-Modified = {2020-04-25 23:49:17 -0400},
	Isbn = {9780444862440},
	Publisher = {Elsevier Science},
	Title = {Encyclopedia of Public International Law},
	Ty = {BOOK},
	Year = {1992}}

@article{Kohen:2000aa,
	Annote = {The author makes a balanced assessment of the codification of the Law of Treaties by the conventions of 1969, 1978, and 1986. He includes an interesting table with the provisions of the Vienna Conventions invoked by the decisions of the International Court of Justice.},
	Author = {Kohen, Marcelo G. },
	Date-Added = {2020-04-25 23:49:17 -0400},
	Date-Modified = {2020-04-25 23:49:17 -0400},
	Journal = {Revue G{\'e}n{\'e}rale de Droit International Public},
	Pages = {577--613},
	Title = {La codification du droit des trait{\'e}s: quelques {\'e}l{\'e}ments pour un bilan global},
	Ty = {JOUR},
	Volume = {104},
	Year = {2000}}

@book{Rosenne:1970aa,
	Address = {Leiden, The Netherlands},
	Annote = {This authoritative guide encloses the text of the convention in three parallel columns, one for each working language at the conference (English, French, and Spanish), together with a fourth column with the English version of the ILC's 1966 draft articles. It adds quotations from the legislative history of the convention.},
	Author = {Rosenne, Shabtai},
	Date-Added = {2020-04-25 23:49:17 -0400},
	Date-Modified = {2020-04-25 23:49:17 -0400},
	Isbn = {9789021892504},
	Publisher = {A. W. Sijthoff},
	Title = {The Law of Treaties: A Guide to the Legislative History of the Vienna Convention},
	Ty = {BOOK},
	Year = {1970}}

@book{Watts:1999aa,
	Address = {Oxford},
	Annote = {Volume 2, Part 1 has to do with the three Vienna Conventions. The aim is to offer the essentials of the ILC's documents in an easily accessible format. All the chapters include an introductory note, summary ILC history of the topic, selected bibliography, ILC's final draft articles with their commentaries, and treaty text (if it exists).},
	Author = {Watts, Arthur},
	Date-Added = {2020-04-25 23:49:17 -0400},
	Date-Modified = {2020-04-25 23:49:17 -0400},
	Isbn = {9780198298038},
	Publisher = {Oxford University Press},
	Title = {The International Law Commission: 1949--1998},
	Ty = {BOOK},
	Year = {1999}}

@book{Wetzel:1978aa,
	Address = {Frankfurt},
	Annote = {Materials of the Vienna Convention compiled by Wetzel and prefaced by Rauschning. It also includes an extensive bibliography and the text of the final act of the UN Conference on the Law of Treaties.},
	Author = {Wetzel, Ralf G. and Rauschning, Dietrich},
	Date-Added = {2020-04-25 23:49:17 -0400},
	Date-Modified = {2020-04-25 23:49:17 -0400},
	Isbn = {9783787505456},
	Publisher = {Verlag},
	Title = {Dokumente: The Vienna Convention on the Law of Treaties: Travaux Pr{\'e}paratoires},
	Ty = {BOOK},
	Year = {1978}}

@article{Ago:1971aa,
	Annote = {The author analyzes the works of the ILC, different phases of the Vienna Conference, and the conflict of opinions during the conference, especially between the ``old''and the ``new''states. It also refers to the significance of the codification of the treaty law for the international society.},
	Author = {Ago, Roberto},
	Date-Added = {2020-04-25 23:49:17 -0400},
	Date-Modified = {2020-04-25 23:49:17 -0400},
	Journal = {Recueil des Cours de l'Acad{\'e}mie de la Haye},
	Pages = {297--332},
	Title = {Droit des Trait{\'e}s {\`a}la lumi{\`e}re de la Convention de Vienne},
	Ty = {JOUR},
	Volume = {134},
	Year = {1971}}

@book{Elias:1974aa,
	Address = {Leiden, The Netherlands},
	Annote = {Despite the title, this book deals only with the Vienna Convention, including a systematic analysis of its provisions thematically grouped. The author summarizes the discussions and opinions preceding the adoption of some of the most relevant provisions. It is a good introduction to the analysis of the convention.},
	Author = {Elias, Taslim O. },
	Date-Added = {2020-04-25 23:49:17 -0400},
	Date-Modified = {2020-04-25 23:49:17 -0400},
	Isbn = {9780379002300},
	Publisher = {Oceana-Sijthoff},
	Title = {The Modern Law of Treaties},
	Ty = {BOOK},
	Year = {1974}}

@article{Kearney:1970aa,
	Annote = {This extensive article (more than sixty pages) is often cited and offers a synthetic analysis of the 1969 Vienna Convention. The authors give extensive background and commentary on the convention: the convention was, in their words, ``a giant step for mankind toward a world in which the rule of law will be not a dream but a reality.''},
	Author = {Kearney, Richard D. and Dalton, Robert E.},
	Date-Added = {2020-04-25 23:49:17 -0400},
	Date-Modified = {2020-04-25 23:49:17 -0400},
	Journal = {American Journal of International Law},
	Pages = {495--561},
	Title = {The Treaty on Treaties},
	Ty = {JOUR},
	Volume = {64},
	Year = {1970}}

@book{Sinclair:1984aa,
	Address = {Manchester, UK},
	Annote = {Notwithstanding its length (no more than two hundred pages), it was for a long time the only authoritative English treatise on the convention. As such, it has been (and still is) required reading. First published in 1973.},
	Author = {Sinclair, Ian},
	Date-Added = {2020-04-25 23:49:17 -0400},
	Date-Modified = {2020-04-25 23:49:17 -0400},
	Isbn = {9780719014802},
	Publisher = {Manchester University Press},
	Title = {The Vienna Convention on the Law of Treaties},
	Ty = {BOOK},
	Year = {1984}}

@book{Corten:2011aa,
	Address = {Oxford},
	Annote = {This is a detailed study of the Vienna Conventions (1969 and 1986), based on an article-by-article commentary entrusted to almost one hundred experts. The commentary of each provision follows a uniform pattern: first it states its object and purpose and its customary status, then it addresses the interpretation issues that each article deals with. It refers widely to the travaux preparatoires. First published in French in 2006 (Brussels: Bruylant).},
	Author = {Corten, Olivier and Klein, Pierre P.},
	Date-Added = {2020-04-25 23:49:17 -0400},
	Date-Modified = {2020-04-25 23:49:17 -0400},
	Isbn = {9780199573523},
	Publisher = {Oxford University Press},
	Title = {The Vienna Conventions on the Law of the Treaties: A Commentary},
	Ty = {BOOK},
	Year = {2011}}

@book{Villiger:2009aa,
	Address = {Dordrecht, The Netherlands},
	Annote = {This article-by-article commentary on the 1969 Vienna Convention presents the content of each provision by exploring its history, normative nature, and relation to other provisions. It also encloses a brief analysis of controversial aspects of the convention, its history, and its role in respect to customary law. It provides also a compilation of the reservations, declarations, and objections made to the convention.},
	Author = {Villiger, Mark Eugen},
	Date-Added = {2020-04-25 23:49:17 -0400},
	Date-Modified = {2020-04-25 23:49:17 -0400},
	Isbn = {9789004168046},
	Publisher = {Martinus Nijhoff},
	Title = {Commentary on the 1969 Vienna Convention on the Law of Treaties},
	Ty = {BOOK},
	Year = {2009}}

@article{Aust:1986aa,
	Annote = {The author detects in the Memorandum of Understanding the expression of the instrument not legally binding, but not, however, completely devoid of a certain legal relevance. (See Aust 2007 under General Overviews.)},
	Author = {Aust, Anthony},
	Date-Added = {2020-04-25 23:49:17 -0400},
	Date-Modified = {2020-04-25 23:49:17 -0400},
	Journal = {International and Comparative Law Quarterly},
	Pages = {787--812},
	Title = {The Theory and Practice of Informal International Instruments},
	Ty = {JOUR},
	Volume = {35},
	Year = {1986}}

@article{Fawcett:1953aa,
	Annote = {The author introduces the presumption that parties to international agreements are not intended to be legally bound.},
	Author = {Fawcett, J.  E.  S. },
	Date-Added = {2020-04-25 23:49:17 -0400},
	Date-Modified = {2020-04-25 23:49:17 -0400},
	Journal = {British Yearbook of International Law},
	Pages = {381--400},
	Title = {The Legal Character of International Agreements},
	Ty = {JOUR},
	Volume = {30},
	Year = {1953}}

@article{Fitzmaurice:2002aa,
	Annote = {In her attempt to provide a definition of treaty, the author revisits the traditional elements that an international text should encompass according to the Vienna Convention. She also explores the new forms of international instruments, criticizing the strict division between formal sources of international law, ``soft law,''and unilateral acts.},
	Author = {Fitzmaurice, Malgosia},
	Date-Added = {2020-04-25 23:49:17 -0400},
	Date-Modified = {2020-04-25 23:49:17 -0400},
	Journal = {British Yearbook of International Law},
	Pages = {141--185},
	Title = {The Identification and Character of Treaties and Treaty Obligations between States in International Law},
	Ty = {JOUR},
	Volume = {73},
	Year = {2002}}

@book{Johnson:1997aa,
	Address = {New York},
	Annote = {The author challenges the traditional theories of legal positivism and a state-centric approach by providing an empirical and original study of more than 130 international agreements. Includes a functionally oriented system for classifying what he calls ``seriously negotiated international instruments,''irrespective of its binding effect. Expectations matter more than the concept of consent. For postgraduates.},
	Author = {Johnson, Douglas M. },
	Date-Added = {2020-04-25 23:49:17 -0400},
	Date-Modified = {2020-04-25 23:49:17 -0400},
	Isbn = {9781571050540},
	Publisher = {Transnational},
	Title = {Consent and Commitment in the World Community: The Classification and Analysis of International Instruments},
	Ty = {BOOK},
	Year = {1997}}

@inbook{Leben:2001aa,
	Address = {Paris},
	Annote = {This article is an essential contribution to the theory of the treaties, conceived as a particular expression of what the author calls ``convention.''Kelsen distinguishes also between international subjects and communities suitable for participating in the conclusion of treaties. Originally published in 1936.},
	Author = {Leben, Charles and Kelsen, Hans},
	Booktitle = {Contribution {\`a}la th{\'e}orie du trait{\'e}international},
	Date-Added = {2020-04-25 23:49:17 -0400},
	Date-Modified = {2020-04-25 23:49:17 -0400},
	Isbn = {9782130514428},
	Pages = {121--165},
	Publisher = {Presses Universitaires de France},
	Title = {Hans Kelsen. {\'E}crits fran{\c c}ais de droit international},
	Ty = {CHAP},
	Year = {2001}}

@book{Klabbers:1996aa,
	Address = {The Hague},
	Annote = {In this very committed and controversial work the author challenges the theses of those who (from Fawcett to Aust) preach the existence of politically or morally binding agreements. Concludes that the intention to be legally bound can be objectively established.},
	Author = {Klabbers, Jan},
	Date-Added = {2020-04-25 23:49:17 -0400},
	Date-Modified = {2020-04-25 23:49:17 -0400},
	Isbn = {9789041102447},
	Publisher = {Kluwer International},
	Title = {The Concept of Treaty in International Law},
	Ty = {BOOK},
	Year = {1996}}

@inbook{MacDonald:1983aa,
	Address = {Dordrecht, The Netherlands},
	Annote = {The author addresses the phenomenon of the growing recourse to treaties in regulating the increasingly complicated relationships in international society. The uncertainties and controversies that bring unwritten international norms are to be solved by the codification process, whose legitimation has increased due to the participation (under UN auspices) of the ``new''states with the ``old''ones.},
	Author = {MacDonald, R. and Johnston, D. M. and Simma, Bruno},
	Booktitle = {Consent: Strains in the Treaty System},
	Date-Added = {2020-04-25 23:49:17 -0400},
	Date-Modified = {2020-04-25 23:49:17 -0400},
	Isbn = {9789024728824},
	Pages = {485--511},
	Publisher = {Martinus Nijhoff},
	Title = {The Structure and Process of International Law},
	Ty = {CHAP},
	Year = {1983}}

@article{Virally:1983aa,
	Annote = {The author debates with other members of the institute on conventional and ``uncertain''texts, trying to articulate a distinction between political commitments and legal commitments, either ``limited''or ``informal,''subject to legal norms that with binding force would be ``adjustable.''},
	Author = {Virally, Michel},
	Date-Added = {2020-04-25 23:49:17 -0400},
	Date-Modified = {2020-04-25 23:49:17 -0400},
	Journal = {Annuaire de l'Institut de Droit International},
	Pages = {166--375},
	Title = {La distinction entre textes internationaux ayant une port{\'e}e juridique dans les relations mutuelles entre leurs auteurs et textes qui en sont d{\'e}pourvus},
	Ty = {JOUR},
	Volume = {1},
	Year = {1983}}

@article{Baxter:1970aa,
	Annote = {The author refers to the declaratory, constitutive, and evidenciary role of treaties in relation to international custom. He also considers the problems of this growing influence and the advantages of stimulating the development of general international law through treaties. It is a first-rate work on the topic.},
	Author = {Baxter, R.  R. },
	Date-Added = {2020-04-25 23:49:17 -0400},
	Date-Modified = {2020-04-25 23:49:17 -0400},
	Journal = {Recueil des Cours},
	Pages = {25--106},
	Title = {Treaties and Custom},
	Ty = {JOUR},
	Volume = {129},
	Year = {1970}}

@article{Dinstein:2006aa,
	Annote = {This is an authoritative study of the interplay of the two sources of international law. The author masterfully explores the coexistence and relationship of treaty and custom, ius cogens and ius dipositivum, as well as the subsequent practice on treaties, inter alia.},
	Author = {Dinstein, Yoram},
	Date-Added = {2020-04-25 23:49:17 -0400},
	Date-Modified = {2020-04-25 23:49:17 -0400},
	Journal = {Recueil des Cours},
	Pages = {243--428},
	Title = {The Interaction between Customary International Law and Treaties},
	Ty = {JOUR},
	Volume = {322},
	Year = {2006}}

@article{Jia:2010aa,
	Annote = {This is an exercise in the contradictions between treaty and custom, demonstrated in a number of areas and evidenced in international judicial and arbitral practice.},
	Author = {Jia, Bing Bing},
	Date-Added = {2020-04-25 23:49:17 -0400},
	Date-Modified = {2020-04-25 23:49:17 -0400},
	Journal = {Chinese Journal of International Law},
	Pages = {81--109},
	Title = {The Relations between Treaties and Custom},
	Ty = {JOUR},
	Volume = {9},
	Year = {2010}}

@book{Kontou:1994aa,
	Address = {Oxford},
	Annote = {Offers a detailed analysis of the tension between treaty obligations and customary norms and how the latter can abrogate the obligations of prior treaties. The author contends that in the case of abrogation of prior treaties, the state has a right to renegotiate the treaty.},
	Author = {Kontou, Nancy},
	Date-Added = {2020-04-25 23:49:17 -0400},
	Date-Modified = {2020-04-25 23:49:17 -0400},
	Isbn = {9780198258421},
	Publisher = {Oxford University Press},
	Title = {The Termination and Revision of Treaties in the Light of New Customary International Law},
	Ty = {BOOK},
	Year = {1994}}

@inbook{MacDonald:1983ab,
	Address = {Dordrecht, The Netherlands},
	Annote = {The author addresses the phenomenon of the growing recourse to treaties in regulating the complicated relationships found in international society. The uncertainties and controversies that create international norms are to be solved by the codification process, whose legitimation has increased due to the participation of the ``new''states with the ``old''ones under UN auspices.},
	Author = {MacDonald, R. and Johnston, D. M. and Simma, Bruno},
	Booktitle = {Consent: Strains in the Treaty System},
	Date-Added = {2020-04-25 23:49:17 -0400},
	Date-Modified = {2020-04-25 23:49:17 -0400},
	Isbn = {9789024728824},
	Pages = {485--511},
	Publisher = {Martinus Nijhoff},
	Title = {The Structure and Process of International Law},
	Ty = {CHAP},
	Year = {1983}}

@book{Torrione:1989aa,
	Address = {Fribourg, Switzerland},
	Annote = {The author does not explore the mutual influence between treaty and customary law, but he is dedicated to studying the unilateral influence of the codification conventions that produce new customary law and its important role.},
	Author = {Torrione, Henri},
	Date-Added = {2020-04-25 23:49:17 -0400},
	Date-Modified = {2020-04-25 23:49:17 -0400},
	Isbn = {9782827103973},
	Publisher = {Editions Universitaires Fribourg},
	Title = {L'influence des conventions de codification sur la coutume en Droit International Public},
	Ty = {BOOK},
	Year = {1989}}

@book{Villiger:1997aa,
	Address = {The Hague},
	Annote = {This erudite book deals systematically with the traditional forms of interactions between custom and treaties, such as the different methods of codification, progressive development of international law, declaratory quality of some conventional rules and their effects, generation of customary law, or modification of conventional rules through posterior custom. First edition published in 1985.},
	Author = {Villiger, Mark E. },
	Date-Added = {2020-04-25 23:49:17 -0400},
	Date-Modified = {2020-04-25 23:49:17 -0400},
	Isbn = {9783725536184},
	Publisher = {Kluwer Law International},
	Title = {Customary International Law and Treaties. A Manual on the Theory and Practice of the Interrelation of Sources},
	Ty = {BOOK},
	Year = {1997}}

@book{Brolmann:2007aa,
	Address = {Portland, OR},
	Annote = {Explores the legal personality of international organizations in Part 1. Part 2 examines the different ways international organizations get involved in treaty practice. In Part 3, the book provides a detailed history of the 1986 Vienna Convention and analyzes its controversial issues.},
	Author = {Br{\"o}lmann, Catherine},
	Date-Added = {2020-04-25 23:49:17 -0400},
	Date-Modified = {2020-04-25 23:49:17 -0400},
	Isbn = {9781841136349},
	Publisher = {Hart},
	Title = {The Institutional Veil in Public International Law: International Organizations and the Law of Treaties},
	Ty = {BOOK},
	Year = {2007}}

@book{Di-Marzo:1980aa,
	Address = {Alphen aan den Rijn, The Netherlands},
	Annote = {After an analysis of the treaty-making capacity in general and concerning the federal states, the author studies the cases of Switzerland, Germany, the Soviet Union, the United States, and Canada. He also dedicates a chapter to the legal issues arising from the agreements, such as defining the actual party of those agreements, their binding character, their validity, and the determination of international responsibility.},
	Author = {Di Marzo, Luigi},
	Date-Added = {2020-04-25 23:49:17 -0400},
	Date-Modified = {2020-04-25 23:49:17 -0400},
	Isbn = {9789028603301},
	Publisher = {Sijthoff \& Noordhoff},
	Title = {Component Units of Federal States and International Agreements},
	Ty = {BOOK},
	Year = {1980}}

@article{Dupuy:1973aa,
	Annote = {Distinguishes the constitutive agreements of international organizations from others concluded by virtue of their ius ad tractatum and researches the treaty-making power of international organizations and their procedures or the effects of the treaties. It includes the comments of other members of the Annuaire de l'Institut de Droit.},
	Author = {Dupuy, Ren{\'e}-Jean},
	Date-Added = {2020-04-25 23:49:17 -0400},
	Date-Modified = {2020-04-25 23:49:17 -0400},
	Journal = {Annuaire de l'Institut de Droit International},
	Pages = {214, 718},
	Title = {L'application des r{\`e}gles du Droit International des trait{\'e}s aux accords conclus par les Organisations Internationales},
	Ty = {JOUR},
	Volume = {55},
	Year = {1973}}

@article{Lissitzyn:1968aa,
	Annote = {The author reviews all formulas of territorial entities that are different from independent states, such as dependent entities, protectorates, and associated states or colonies. He explores their participation in the treaty-making process and the legal nature and consequences of such practices.},
	Author = {Lissitzyn, Oliver J. },
	Date-Added = {2020-04-25 23:49:17 -0400},
	Date-Modified = {2020-04-25 23:49:17 -0400},
	Journal = {Recueil des Cours},
	Pages = {1--91},
	Title = {Territorial Entities other than Independent States in the Law of Treaties},
	Ty = {JOUR},
	Volume = {125},
	Year = {1968}}

@book{Okeke:1974aa,
	Address = {Rotterdam, The Netherlands},
	Annote = {This monograph deals with the topic of international personality by studying the treaty-making capacity of some entities of international law other than states and international organizations, such as states within a federation, national liberation movements, nongovernmental organizations, or corporations. The author seems to affirm some kind of de facto subjectivity of some of these entities.},
	Author = {Okeke, Chris N. },
	Date-Added = {2020-04-25 23:49:17 -0400},
	Date-Modified = {2020-04-25 23:49:17 -0400},
	Isbn = {9789023762362},
	Publisher = {Rotterdam University Press},
	Title = {Controversial Subjects of Contemporary International Law: An Examination of the New Entities of International Law and Their Treaty-Making Capacity},
	Ty = {BOOK},
	Year = {1974}}

@article{Craen:1983aa,
	Annote = {In this article, the author analyzes the capacity of territorial entities other than states to conclude agreements and also studies their legal nature, defining them as nonbinding agreements. The fact that those types of agreements exist does not confer international subjectivity to federated states.},
	Author = {van de Craen, Frank L.  M. },
	Date-Added = {2020-04-25 23:49:17 -0400},
	Date-Modified = {2020-04-25 23:49:17 -0400},
	Journal = {Revue Belge de Droit International},
	Pages = {377--424},
	Title = {The Federated State and Its Treaty-Making Power},
	Ty = {JOUR},
	Volume = {1},
	Year = {1983}}

@book{Zemanek:1971aa,
	Address = {New York},
	Annote = {Edited by a leading author and expert in the field, this is a collection of the studies and papers prepared from the research conducted at the 1969 session of the Center for Studies and Research, Hague Academy of International Law.},
	Author = {Zemanek, Karl},
	Date-Added = {2020-04-25 23:49:17 -0400},
	Date-Modified = {2020-04-25 23:49:17 -0400},
	Isbn = {9783211810101},
	Publisher = {Springer Verlag},
	Title = {Agreements of International Organizations and the Vienna Convention on the Law of Treaties},
	Ty = {BOOK},
	Year = {1971}}

@article{Beyerlin:1976aa,
	Annote = {This is a well-structured article on this two-treaty clause concerning the negotiations of treaties. Because of its didactic approach and numerous examples, it is useful for students willing to further explore this topic.},
	Author = {Beyerlin, Ulrich},
	Date-Added = {2020-04-25 23:49:17 -0400},
	Date-Modified = {2020-04-25 23:49:17 -0400},
	Journal = {Zeitschrift f{\"u}r auslandisches {\"o}ffentliches Recht und V{\"o}lkerrecht},
	Pages = {406--443},
	Title = {Pactum de contrahendo und pactum de negotiando im V{\"o}lkerrecht?},
	Ty = {JOUR},
	Url = {http://www.zaoerv.de/36_1976/36_1976_1_3_a_407_443.pdf},
	Volume = {36},
	Year = {1976},
	Bdsk-Url-1 = {http://www.zaoerv.de/36_1976/36_1976_1_3_a_407_443.pdf}}

@book{Blix:1960aa,
	Address = {New York},
	Annote = {This is a well-known classic divided in two parts, one on the competence of agents (ministers of foreign affairs, diplomats, and others) to bind treaty-making organs; the second part is on the competence to conclude treaties on behalf of states, distinguishing between the cases in which there is a lack of domestic regulation and those in which the treaty-making competence is regulated by municipal law. Originally published in Swedish in 1959 (Uppsala, Sweden: Almqvist \& Wiksell).},
	Author = {Blix, Hans},
	Date-Added = {2020-04-25 23:49:17 -0400},
	Date-Modified = {2020-04-25 23:49:17 -0400},
	Publisher = {Praeger},
	Title = {Treaty-Making Power},
	Ty = {BOOK},
	Year = {1960}}

@book{Blix:1973aa,
	Address = {Stockholm},
	Annote = {Gathers the revised and expanded material employed in two seminars on the Law of Treaties arranged by the Dag Hammarskjold Foundation and held in Uppsala in 1966 and 1967. It includes a compilation of treaties that serve as example of different types of constitutional rules dealing with formal treaty provisions.},
	Author = {Blix, Hans and Emerson, Jirina H.},
	Date-Added = {2020-04-25 23:49:17 -0400},
	Date-Modified = {2020-04-25 23:49:17 -0400},
	Isbn = {9780379004809},
	Publisher = {Almqvist \& Wiksell},
	Title = {The Treaty Maker's Handbook},
	Ty = {BOOK},
	Year = {1973}}

@book{Kolb:2000aa,
	Address = {Paris},
	Annote = {This book addresses the nature of the principle of good faith as a general principle of law aimed to protect the legitimate confidence. The author assumes a normative conception of the principle of good faith: a notion he considers vital. More than a hundred pages are devoted to its application to the treaties from their formation to their termination.},
	Author = {Kolb, Robert},
	Date-Added = {2020-04-25 23:49:17 -0400},
	Date-Modified = {2020-04-25 23:49:17 -0400},
	Isbn = {9782130509653},
	Publisher = {Presses Universitaires de France},
	Title = {La bonne foi en Droit International Public: Contribution {\`a}l'{\'e}tude des principes g{\'e}n{\'e}raux de droit},
	Ty = {BOOK},
	Year = {2000}}

@book{Plantey:2007aa,
	Address = {New York},
	Annote = {This is a classic work on the topic. It distinguishes the diplomatic negotiations from the institutional ones and refers to new developments in negotiation as a result of a changing world. With a political approach, it is also filled with details, historic examples, and psychological considerations that appear in an international negotiation. Originally published in French in 1980 (Paris: Centre National de la Recherche Scientifique).},
	Author = {Plantey, Alain},
	Date-Added = {2020-04-25 23:49:17 -0400},
	Date-Modified = {2020-04-25 23:49:17 -0400},
	Isbn = {9780203945414},
	Publisher = {Routledge-Cavendish},
	Title = {International Negotiations in the Twenty-First Century},
	Ty = {BOOK},
	Year = {2007}}

@book{Rosenne:1989ab,
	Address = {Cambridge, UK},
	Annote = {Chapter 3 of this book is devoted to the role of good faith in treaties.},
	Author = {Rosenne, Shabtai},
	Date-Added = {2020-04-25 23:49:17 -0400},
	Date-Modified = {2020-04-25 23:49:17 -0400},
	Isbn = {9780521333184},
	Publisher = {Cambridge University Press},
	Title = {Developments in the Law of Treaties (1945--1986)},
	Ty = {BOOK},
	Year = {1989}}

@book{Wolfrum:2005aa,
	Address = {Berlin},
	Annote = {Consists of thirty-nine contributions resulting from a two-day symposium held in Heidelberg in 2003. Not surprisingly the quality is uneven.},
	Author = {W{\"o}lfrum, R{\"u}diger and Volker, R{\"o}ben},
	Date-Added = {2020-04-25 23:49:17 -0400},
	Date-Modified = {2020-04-25 23:49:17 -0400},
	Isbn = {9783540252993},
	Publisher = {Springer},
	Title = {Developments of International Law in Treaty-Making},
	Ty = {BOOK},
	Year = {2005}}

@book{Breton-Le-Goff:2002aa,
	Address = {Brussels},
	Annote = {This is a work on the role that nongovernmental organizations (NGOs) have in contributing to the formation of treaties and international agreements. A good resource for those who want to understand the normative influence of the NGOs and for NGOs that want some guidelines in this field.},
	Author = {Breton-Le Goff, Gaelle},
	Date-Added = {2020-04-25 23:49:17 -0400},
	Date-Modified = {2020-04-25 23:49:17 -0400},
	Isbn = {9782802715160},
	Publisher = {Bruylant},
	Title = {L'influence des organisations non gouvernementales sur la n{\'e}gociation de quelques instruments internationaux},
	Ty = {BOOK},
	Year = {2002}}

@book{Daudet:1968aa,
	Address = {Paris},
	Annote = {This complete work, emphasizing the importance of the United Nations in the codification of international law, analyzes the problems that arise in the different aspects of this process: for example, the difficulties of its preparation, composition of delegations, progress of the conferences'works, and redaction of the texts.},
	Author = {Daudet, Yves},
	Date-Added = {2020-04-25 23:49:17 -0400},
	Date-Modified = {2020-04-25 23:49:17 -0400},
	Publisher = {Librairie G{\'e}n{\'e}rale de Droit et de Jurisprudence},
	Title = {Les Conf{\'e}rences des Nations Unies pour la codification du Droit International},
	Ty = {BOOK},
	Year = {1968}}

@book{Gowlland-Debbas:2000aa,
	Address = {The Hague},
	Annote = {This is a collection of essays resulting from a forum held in Geneva in 1998. The purpose was to evaluate the challenges in the formation and the content of the multilateral treaties resulting from changes in international society and to propose ideas contributing to the reforms needed to meet those challenges.},
	Author = {Gowlland-Debbas, Vera},
	Date-Added = {2020-04-25 23:49:17 -0400},
	Date-Modified = {2020-04-25 23:49:17 -0400},
	Isbn = {9789041114488},
	Publisher = {Martinus Nijhoff},
	Title = {Multilateral Treaty-Making. The Current Status of Challenges to and Reforms Needed in the International Legislative Process},
	Ty = {BOOK},
	Year = {2000}}

@article{Kohona:2005aa,
	Annote = {The author examines the developments in reservations and declarations to multilateral treaties deposited with the UN Secretary General, which were more than five hundred since 1994. The author distinguishes the practice concerning reservations from the one on declarations.},
	Author = {Kohona, Palitha},
	Date-Added = {2020-04-25 23:49:17 -0400},
	Date-Modified = {2020-04-25 23:49:17 -0400},
	Journal = {American Journal of International Law},
	Pages = {433--449},
	Title = {Some Notable Developments in the Practice of the UN Secretary-General as Depositary of Multilateral Treaties},
	Ty = {JOUR},
	Volume = {99},
	Year = {2005}}

@book{Rosenne:1989ac,
	Address = {Cambridge, UK},
	Annote = {Dedicated to the United Nations and the Law of Treaties (e.g., multilateral treaty-making process, registration and publication, depositaries, and reservations).},
	Author = {Rosenne, Shabtai},
	Date-Added = {2020-04-25 23:49:17 -0400},
	Date-Modified = {2020-04-25 23:49:17 -0400},
	Isbn = {9780521333184},
	Publisher = {Cambridge University Press},
	Title = {Developments in the Law of Treaties (1945--1986)},
	Ty = {BOOK},
	Year = {1989}}

@inbook{Suy:1998aa,
	Address = {The Hague},
	Annote = {In this short article, the author considers some of the problems of the entry into force of multilateral treaties, due to the multiplicity of parties and their particular circumstances and the possibility of reservations. He refers to state practice and looks for some remedies.},
	Author = {Suy, Eric and Roucounas, Emmanuel},
	Booktitle = {Uncertainties Regarding the Entry into Force of Some Multilateral Treaties},
	Date-Added = {2020-04-25 23:49:17 -0400},
	Date-Modified = {2020-04-25 23:49:17 -0400},
	Isbn = {9789041105820},
	Pages = {179--193},
	Publisher = {Martinus Nijhoff},
	Title = {International Law, Theory and Practice: Essays in Honor of Eric Suy},
	Ty = {CHAP},
	Year = {1998}}

@article{Skubiszewski:1977aa,
	Annote = {Discusses elaboration techniques of multilateral treaties, where the rapporteurs identify the problems in the field, such as how to choose an adequate instrument, the writing of the text or the voting system, reservations, revision, and entry into force, inter alia.},
	Author = {Skubiszewski, Krzysztof and Blix, Hans},
	Date-Added = {2020-04-25 23:49:17 -0400},
	Date-Modified = {2020-04-25 23:49:17 -0400},
	Journal = {Annuaire de l'Institut de Droit International},
	Pages = {36--103},
	Title = {Les techniques d'{\'e}laboration des grandes Conventions multilat{\'e}rales et des normes quasi-l{\'e}gislatives internationales},
	Ty = {JOUR},
	Volume = {2},
	Year = {1977}}

@book{Horn:1988aa,
	Address = {Amsterdam},
	Annote = {This is a comprehensive and ambitious study. Every aspect of reservations (two-thirds of the book) is meticulously analyzed. Dealing with the interpretative declarations, the author expresses his dissatisfaction on their treatment by the ILC and the 1969 Vienna Convention. The last chapter is dedicated to the role of the depositaries. Every analysis is accompanied with state practice.},
	Author = {Horn, Frank},
	Date-Added = {2020-04-25 23:49:17 -0400},
	Date-Modified = {2020-04-25 23:49:17 -0400},
	Isbn = {9780444703989},
	Publisher = {T. M. C. Asser},
	Title = {Reservations and Interpretative Declarations to Multilateral Treaties},
	Ty = {BOOK},
	Year = {1988}}

@book{Imbert:1979aa,
	Address = {Paris},
	Annote = {This monograph is divided into three parts and deals with the conditions to admit reservations, consequences of reservations on the conventional relationship, and function of reserves in modern international society. Provides an in-depth study on the matter, including state practice, annexes with international regulation, and an extended bibliography.},
	Author = {Imbert, Pierre-Henry},
	Date-Added = {2020-04-25 23:49:17 -0400},
	Date-Modified = {2020-04-25 23:49:17 -0400},
	Publisher = {Pedone},
	Title = {Les r{\'e}serves aux trait{\'e}s multilat{\'e}raux (Evolution du droit et de la pratique depuis l`avis consultatif donn{\'e}par la CIJ le 28 mai 1951)},
	Ty = {BOOK},
	Year = {1979}}

@book{Martin-Rodriguez:2003aa,
	Address = {Madrid},
	Annote = {Addresses the different methods applied to facilitate the participation of a wider number of states in multilateral treaties, such as suspension and exclusion clauses, reservations, facultative clauses, exceptions, and safeguards. It explores these methods'consequences in treaties and in the international legal discourse.},
	Author = {Mart{\'\i}n Rodr{\'\i}guez, Pablo J. },
	Date-Added = {2020-04-25 23:49:17 -0400},
	Date-Modified = {2020-04-25 23:49:17 -0400},
	Isbn = {9788430939572},
	Publisher = {Tecnos},
	Title = {Flexibilidad y tratados internacionales},
	Ty = {BOOK},
	Year = {2003}}

@article{McRae:1978aa,
	Annote = {The author makes the distinction between (mere and qualified) interpretative declarations and reservations and considers the effects of their acceptance/objection, as well as their relevance in the interpretation of treaties and the practice of the depositories. The article ends with some policy recommendations to governments.},
	Author = {McRae, Donald M. },
	Date-Added = {2020-04-25 23:49:17 -0400},
	Date-Modified = {2020-04-25 23:49:17 -0400},
	Journal = {British Yearbook of International Law},
	Pages = {155--173},
	Title = {The Legal Effect of Interpretative Declarations},
	Ty = {JOUR},
	Volume = {49},
	Year = {1978}}

@article{Redgwell:1993aa,
	Annote = {The author makes a clear and rigorous analysis of the foundations, rules, and practices of the Vienna Convention, which she considers unsatisfactory on fundamental questions: Should states be permitted reservations to normative treaties? Should they be assessed in a different way than that of treaties in general? The author encourages the ILC to deal with the matter.},
	Author = {Redgwell, Catherine},
	Date-Added = {2020-04-25 23:49:17 -0400},
	Date-Modified = {2020-04-25 23:49:17 -0400},
	Journal = {British Yearbook of International Law},
	Pages = {245--282},
	Title = {Universality or Integrity? Some Reflections on Reservations to General Multilateral Treaties},
	Ty = {JOUR},
	Volume = {64},
	Year = {1993}}

@book{Riquelme:2004aa,
	Address = {Murcia, Spain},
	Annote = {First, the author submits an overall review of the concepts and uncertainties of the Vienna regime; second, she goes on to examine their formulation; third, she considers their compatibility with the object and purpose of the treaties; and finally, she analyzes the procedures of control over their admissibility. This is a reference work for those who want to master the subject.},
	Author = {Riquelme, Rosa},
	Date-Added = {2020-04-25 23:49:17 -0400},
	Date-Modified = {2020-04-25 23:49:17 -0400},
	Isbn = {9788483714683},
	Publisher = {Universidad de Murcia. Servicio de Publicaciones},
	Title = {Las reservas a los tratados. Lagunas y ambig{\"u}edades del r{\'e}gimen de Viena},
	Ty = {BOOK},
	Year = {2004}}

@article{Ruda:1975aa,
	Annote = {This is an unusually clear analysis of the main aspects of the subject. Deals with the notion of reservation to bilateral and multilateral treaties and how reservations are regulated under the 1969 Vienna Convention. Also covered is the succession to treaties with reference to reservations and treaties concluded by international organizations and the application of the reservation regimen.},
	Author = {Ruda, Jos{\'e}Mar{\'\i}a},
	Date-Added = {2020-04-25 23:49:17 -0400},
	Date-Modified = {2020-04-25 23:49:17 -0400},
	Journal = {Recueil des Cours},
	Pages = {95--218},
	Title = {Reservations to Treaties},
	Ty = {JOUR},
	Volume = {146},
	Year = {1975}}

@article{Treves:2002aa,
	Annote = {Italian scholars have paid much attention to the issue of reservations. This volume gives evidence of this by including, after a foreword by Tullio Treves, works on the travaux of the ILC on reservations, late reservations, general reservations, joint reservations, and declarations.},
	Author = {Treves, Tullio},
	Date-Added = {2020-04-25 23:49:17 -0400},
	Date-Modified = {2020-04-25 23:49:17 -0400},
	Journal = {Communicazioni e Studi},
	Title = {Six Studies on Reservations},
	Ty = {JOUR},
	Volume = {22},
	Year = {2002}}

@article{Cohen-Jonathan:1996aa,
	Annote = {Professor Cohen-Jonathan tries to find an objective and coherent answer to the matter of reservation validity concerning human rights treaties. He explores the developments in this field, dividing his study into two parts: a restrictive conception to the validity conditions of reservations and an objective conception of the appreciation of reservations.},
	Author = {Cohen-Jonathan, Gerard},
	Date-Added = {2020-04-25 23:49:17 -0400},
	Date-Modified = {2020-04-25 23:49:17 -0400},
	Journal = {Revue G{\'e}n{\'e}rale de Droit International Public},
	Pages = {915--949},
	Title = {Les r{\'e}serves dans les trait{\'e}s relatifs aux droits de l'homme. Aspects europ{\'e}ens et internationaux},
	Ty = {JOUR},
	Volume = {100},
	Year = {1996}}

@article{Craven:2000aa,
	Annote = {Explores the relationship between conventional human rights law and the general principles on treaty law. It also refers to the problems of fragmentation of international law and to the reciprocity of human rights treaties.},
	Author = {Craven, Matthew},
	Date-Added = {2020-04-25 23:49:17 -0400},
	Date-Modified = {2020-04-25 23:49:17 -0400},
	Journal = {European Journal of International Law},
	Pages = {489--520},
	Title = {Legal Differentiation and the Concept of Human Rights Treaty in International Law},
	Ty = {JOUR},
	Url = {http://ejil.org/pdfs/11/3/540.pdf},
	Volume = {11},
	Year = {2000},
	Bdsk-Url-1 = {http://ejil.org/pdfs/11/3/540.pdf}}

@book{Gardner:1997aa,
	Address = {London},
	Annote = {Taking as its raison d'{\^e}tre the issue of the compatibility between the protection of human rights and the right of states to introduce reservations to the treaties they join, this book analyzes the problem in light of eight main treaties on human rights.},
	Author = {Gardner, J.  P. },
	Date-Added = {2020-04-25 23:49:17 -0400},
	Date-Modified = {2020-04-25 23:49:17 -0400},
	Isbn = {9780903067508},
	Publisher = {British Institute of International and Comparative Law},
	Title = {Human Rights as General Norms and State 's Right to Opt Out: Reservations and Objections to HR Conventions},
	Ty = {BOOK},
	Year = {1997}}

@article{Goodman:2002aa,
	Annote = {The author is one conspicuous advocate of the severability thesis according to which an invalid reservation can be severed from the instrument of ratification so that the state remains bound to the treaty in its integrity. Reservations to human rights treaties should be presumed iuris tantum to be severable.},
	Author = {Goodman, Ryan},
	Date-Added = {2020-04-25 23:49:17 -0400},
	Date-Modified = {2020-04-25 23:49:17 -0400},
	Journal = {American Journal of International Law},
	Pages = {531--560},
	Title = {Human Rights Treaties, Invalid Reservations and State Consent},
	Ty = {JOUR},
	Volume = {96},
	Year = {2002}}

@book{Lijnzaad:1995aa,
	Address = {Dordrecht, The Netherlands},
	Annote = {Faces the theoretical questions and the practice of reservations in the most conspicuous UN Human Rights Conventions. The author argues that the Vienna rules are inadequate for assessing the validity of reservations to human rights treaties, and she makes a plea for the role of treaty bodies as defenders of their integrity.},
	Author = {Lijnzaad, Liesbeth},
	Date-Added = {2020-04-25 23:49:17 -0400},
	Date-Modified = {2020-04-25 23:49:17 -0400},
	Isbn = {9780792332565},
	Publisher = {Martinus Nijhoff},
	Title = {Reservations to UN-Human Rights Treaties: Ratify and Ruin?},
	Ty = {BOOK},
	Year = {1995}}

@book{Ziemele:2004aa,
	Address = {The Hague},
	Annote = {Offers a comprehensive overview of the practice of human rights bodies in relation to reservations and a contribution to the doctrinal debate such as whether the Vienna Convention rules on reservations are applicable to human rights treaties or if they should be treated differently---with the risk of further fragmentation of international law.},
	Author = {Ziemele, Ineta},
	Date-Added = {2020-04-25 23:49:17 -0400},
	Date-Modified = {2020-04-25 23:49:17 -0400},
	Isbn = {9789004140646},
	Publisher = {Martinus Nijhoff},
	Title = {Reservations to Human Rights Treaties and the Vienna Convention Regime: Conflict, Harmony or Reconciliation},
	Ty = {BOOK},
	Year = {2004}}

@article{Cassese:1985aa,
	Annote = {In his lectures for The Hague Academy on the relationship between national constitutions and international law, the author dedicates one of them to considering the ``constitutional safeguards of compliance with international treaties,''presenting a comparative study of the different treatments given to treaties by modern constitutions.},
	Author = {Cassese, Antonio},
	Date-Added = {2020-04-25 23:49:17 -0400},
	Date-Modified = {2020-04-25 23:49:17 -0400},
	Journal = {Recueil des Cours},
	Pages = {331},
	Title = {Modern Constitutions and International Law},
	Ty = {JOUR},
	Volume = {192},
	Year = {1985}}

@book{Hollis:2005aa,
	Address = {Leiden, The Netherlands},
	Annote = {Includes the description of nineteen legal systems, each chapter following the same format. This comparative approach shows a convergence of thought on the concept of treaty but not in regard to other questions concerning constitutional law.},
	Author = {Hollis, Duncan B. and Blakeslee, Merrit R. and Benjamin, Ederington L.},
	Date-Added = {2020-04-25 23:49:17 -0400},
	Date-Modified = {2020-04-25 23:49:17 -0400},
	Isbn = {9789004144170},
	Publisher = {Martinus Nijhoff},
	Title = {National Treaty Law and Practice},
	Ty = {BOOK},
	Year = {2005}}

@book{Johnson:1984aa,
	Address = {New York},
	Annote = {Deals with the distinction in the US system between treaties that require Senate approval and executive agreements that can be concluded only by the executive branch. It proves that although the majority of agreements made have a legislative mandate, they are not actually referred to as treaties.},
	Author = {Johnson, Loch},
	Date-Added = {2020-04-25 23:49:17 -0400},
	Date-Modified = {2020-04-25 23:49:17 -0400},
	Isbn = {9780814741658},
	Publisher = {New York University Press},
	Title = {The Making of International Agreements: Congress Confronts the Executive},
	Ty = {BOOK},
	Year = {1984}}

@book{Kraft:1991aa,
	Address = {Westport, CT},
	Annote = {The decision of President Carter to denounce the 1954 Defense Treaty with Taiwan as a consequence of the establishment of relations with Communist China in 1978 was the occasion of a constitutional controversy over the power of the president to act alone. Dozens of articles were written on the subject. The Supreme Court (in the Goldwater v. Carter decision) did not decide the merits, invoking the doctrine of the ``political question.''},
	Author = {Kraft, Victoria Marie},
	Date-Added = {2020-04-25 23:49:17 -0400},
	Date-Modified = {2020-04-25 23:49:17 -0400},
	Isbn = {9780313275319},
	Publisher = {Greenwood},
	Title = {The US Constitution and Foreign Policy: Terminating the Taiwan Treaty},
	Ty = {BOOK},
	Year = {1991}}

@inbook{McNair:1974aa,
	Address = {Leiden, The Netherlands},
	Annote = {In this work, this eminent jurist tries to answer two fundamental questions: to what extent a negotiating party has to know the relevant constitutional provisions of the other parties and to what extent it has to control their compliance. Originally published in 1933.},
	Author = {McNair, Arnold Duncan},
	Booktitle = {Constitutional Limitations upon the Treaty-Making Power},
	Date-Added = {2020-04-25 23:49:17 -0400},
	Date-Modified = {2020-04-25 23:49:17 -0400},
	Isbn = {9789028604933},
	Pages = {79--94},
	Publisher = {Sijthoff},
	Title = {Selected Papers and Bibliography},
	Ty = {CHAP},
	Year = {1974}}

@book{Wiktor:2006aa,
	Address = {Dordrecht, The Netherlands},
	Annote = {This very practical book is a compilation of more than three hundred treaties submitted by the president to the US Senate between the years 1989 and 2004. The treaties are presented chronologically, with an explanation of the legislative history of each, its trajectory, entry of force, and possible amendments.},
	Author = {Wiktor, Christian L. },
	Date-Added = {2020-04-25 23:49:17 -0400},
	Date-Modified = {2020-04-25 23:49:17 -0400},
	Isbn = {9789047410713},
	Publisher = {Martinus Nijhoff},
	Title = {Treaties Submitted to the U.S. Senate: Legislative History, 1989--2004},
	Ty = {BOOK},
	Year = {2006}}

@book{Wildhaber:1971aa,
	Address = {Basel, Switzerland, and Stuttgart, Germany},
	Annote = {Relates the interplay of the treaty-making procedures and the constitutional law of some states (the United Kingdom, Canada, Australia, India, Belgium, France, Germany, Switzerland, and the United States). The author undertakes a consistent comparative analysis, paying special attention to the making and performance of treaties in federal states. A timeless work that is still appreciated in the 21st century.},
	Author = {Wildhaber, Luzius},
	Date-Added = {2020-04-25 23:49:17 -0400},
	Date-Modified = {2020-04-25 23:49:17 -0400},
	Publisher = {Helbing \& Lichtenhahn},
	Title = {Treaty-Making Power and Constitution (An International and Comparative Study)},
	Ty = {BOOK},
	Year = {1971}}

@book{Ziccardi-Capaldo:1983aa,
	Address = {Naples, Italy},
	Annote = {Deals with a question that has been scarcely served by doctrine: namely, the competence to denounce treaties from a constitutional point of view. After a theoretical overview, the author presents a comparative approach to the different constitutional systems of Western countries and addresses the distribution of powers between the government and the parliament.},
	Author = {Ziccardi Capaldo, Giuliana},
	Date-Added = {2020-04-25 23:49:17 -0400},
	Date-Modified = {2020-04-25 23:49:17 -0400},
	Publisher = {Edizioni Scientifiche Italiane},
	Title = {La competenza a denunciare i trattati internazionali. Contributo allo studio del treaty power},
	Ty = {BOOK},
	Year = {1983}}

@book{Geslin:2005aa,
	Address = {Paris},
	Annote = {A study of the possibility of applying a treaty before its definitive conclusion by the state parties. The subject has not received much doctrinal attention; works such as this (or Paolo Picone's L'applicazione in via provvisoria degli accordi internazionali, Napoli, 1973) have not had an equal in English.},
	Author = {Geslin, Albane},
	Date-Added = {2020-04-25 23:49:17 -0400},
	Date-Modified = {2020-04-25 23:49:17 -0400},
	Isbn = {9782233004635},
	Publisher = {Pedone},
	Title = {La mise en application provisoire des trait{\'e}s},
	Ty = {BOOK},
	Year = {2005}}

@article{Kunz:1945aa,
	Annote = {A study of the fundamental ``positive norm''of the Law of Treaties, this also covers fundamental concepts such as the meaning of treaty or international norm. This work is of interest to those who seek a legal philosophical approach.},
	Author = {Kunz, Joseph L. },
	Date-Added = {2020-04-25 23:49:17 -0400},
	Date-Modified = {2020-04-25 23:49:17 -0400},
	Journal = {American Journal of International Law},
	Pages = {180--197},
	Title = {The Meaning and the Range of the Norm pacta sunt servanda},
	Ty = {JOUR},
	Volume = {39},
	Year = {1945}}

@article{Lukashuk:1989aa,
	Annote = {According to the author the pacta sunt servanda, nourished by the good faith principle, is applicable not only to treaties in force but also to obligations arising out of a treaty before its entry into force (Article 18, Vienna Convention) and in the case of the provisional application of a treaty (Article 25).},
	Author = {Lukashuk, I.  I. },
	Date-Added = {2020-04-25 23:49:17 -0400},
	Date-Modified = {2020-04-25 23:49:17 -0400},
	Journal = {American Journal of International Law},
	Pages = {513--518},
	Title = {The Principle pacta sunt servanda and the Nature of Obligation under International Law},
	Ty = {JOUR},
	Volume = {83},
	Year = {1989}}

@article{Wehberg:1959aa,
	Annote = {In this short article the author explores the historical origin of the principle as well as its actual meaning. He takes care to cover the legal and philosophical precedents.},
	Author = {Wehberg, Hans},
	Date-Added = {2020-04-25 23:49:17 -0400},
	Date-Modified = {2020-04-25 23:49:17 -0400},
	Journal = {American Journal of International Law},
	Pages = {775--786},
	Title = {Pacta sunt servanda},
	Ty = {JOUR},
	Volume = {53},
	Year = {1959}}

@article{Whitton:1934aa,
	Annote = {This is an excellent perspective on the principle from a historical point of view. It deals with the problem of the binding effect of treaties and the judicial control of these treaties.},
	Author = {Whitton, John B. },
	Date-Added = {2020-04-25 23:49:17 -0400},
	Date-Modified = {2020-04-25 23:49:17 -0400},
	Journal = {Recueil des Cours},
	Pages = {151--276},
	Title = {La r{\`e}gle `pacta sunt servanda'},
	Ty = {JOUR},
	Volume = {49},
	Year = {1934}}

@book{Burgstaller:2005aa,
	Address = {Leiden, The Netherlands},
	Annote = {Provides a theoretical and philosophical study on the contemporary theories of compliance with international law but based on recent facts and from a practitioners'point of view.},
	Author = {Burgstaller, Markus},
	Date-Added = {2020-04-25 23:49:17 -0400},
	Date-Modified = {2020-04-25 23:49:17 -0400},
	Isbn = {9789004141933},
	Publisher = {Martinus Nijhoff},
	Title = {Theories of Compliance with International Law},
	Ty = {BOOK},
	Year = {2005}}

@book{Chayes:1995aa,
	Address = {Cambridge, MA},
	Annote = {In this very influential work the authors criticize the tendency to create compliance systems based on military or economic sanctions (the enforcement model). Instead they propose the use of a ``managerial''model where the emphasis is settled in the dialogue between the parties and the prevention of treaties'violations.},
	Author = {Chayes, Abraham and Chayes, Antonia Handler},
	Date-Added = {2020-04-25 23:49:17 -0400},
	Date-Modified = {2020-04-25 23:49:17 -0400},
	Isbn = {9780674617827},
	Publisher = {Harvard University Press},
	Title = {The New Sovereignty: Compliance with International Regulatory Agreements},
	Ty = {BOOK},
	Year = {1995}}

@article{Downs:2002aa,
	Annote = {This essay contends that there are empirical and theoretical reasons to believe that the real effects on reputation for maintaining a high level of treaty compliance are weaker and more complicated than the reputation standard suggests. Downs has been very critical toward the so-called managerial school.},
	Author = {Downs, George W. and Jones, Michael A.},
	Date-Added = {2020-04-25 23:49:17 -0400},
	Date-Modified = {2020-04-25 23:49:17 -0400},
	Journal = {Journal of Legal Studies},
	Pages = {S95--S114},
	Title = {Reputation, Compliance and International Law},
	Ty = {JOUR},
	Volume = {31},
	Year = {2002}}

@book{Guzman:2008aa,
	Address = {Oxford},
	Annote = {Adopting a reputational model, the author assumes that the violation of treaties (and of general international law and ``soft''law) can generate a costly loss of reputation, which states will try to avoid if they want to stay in the game. Therefore, reason and selfishness usually lead to compliance.},
	Author = {Guzman, Andrew T. },
	Date-Added = {2020-04-25 23:49:17 -0400},
	Date-Modified = {2020-04-25 23:49:17 -0400},
	Publisher = {Oxford University Press},
	Title = {How International Law Works: A Rational Choice Theory},
	Ty = {BOOK},
	Year = {2008}}

@book{Shelton:2000aa,
	Address = {Oxford},
	Annote = {The aim of this book is to explore the effects that soft law has on the commitment and compliance of international law and the possible substitution or supplementation of legally binding obligations. For this purpose, the contributors examine the state compliance practice within four areas of special international interest: human rights, environment, arms control, and trade and finance.},
	Author = {Shelton, Diane},
	Date-Added = {2020-04-25 23:49:17 -0400},
	Date-Modified = {2020-04-25 23:49:17 -0400},
	Isbn = {9780198298083},
	Publisher = {Oxford University Press},
	Title = {Commitment and Compliance: The Role of Non-Binding Norms in the International Legal System},
	Ty = {BOOK},
	Year = {2000}}

@book{Szasz:1999aa,
	Address = {Ardsley, NY},
	Annote = {Presents several studies of the monitoring controls of the most relevant international organizations and international regimes. It reflects the vital role of this type of control to ensure stability and development of international obligations in different fields, such as human rights, environmental protection, or arms control.},
	Author = {Szasz, Paul C. },
	Date-Added = {2020-04-25 23:49:17 -0400},
	Date-Modified = {2020-04-25 23:49:17 -0400},
	Isbn = {9781571050397},
	Publisher = {Transnational},
	Title = {Administrative and Expert Monitoring of International Treaties},
	Ty = {BOOK},
	Year = {1999}}

@book{Ulfstein:2010aa,
	Address = {Cambridge, UK},
	Annote = {This is a work on the national implementation of treaties that analyzes the dispute settlement procedures of judicial and administrative character and the coercive means of enforcing obligations. In addition to other books mentioned, this one also takes three areas (human rights, environment, and arms control) as subjects of study.},
	Author = {Ulfstein, Geir},
	Date-Added = {2020-04-25 23:49:17 -0400},
	Date-Modified = {2020-04-25 23:49:17 -0400},
	Isbn = {9780521153928},
	Publisher = {Cambridge University Press},
	Title = {Making Treaties Work. Human Rights, Environment and Arms Control},
	Ty = {BOOK},
	Year = {2010}}

@book{Brolmann:2007ab,
	Address = {Portland, OR},
	Annote = {In Part 3 of this book (see Capability to Conclude Treaties {$[$}Ius ad tractatum{$]$}) the author pays considerable attention to the point regarding whether treaty obligations of international organizations also apply to their member states.},
	Author = {Br{\"o}lmann, Catherine},
	Date-Added = {2020-04-25 23:49:17 -0400},
	Date-Modified = {2020-04-25 23:49:17 -0400},
	Isbn = {9781841136349},
	Publisher = {Hart},
	Title = {The Institutional Veil in Public International Law: International Organizations and the Law of Treaties},
	Ty = {BOOK},
	Year = {2007}}

@article{Cahier:1974aa,
	Annote = {In his lectures at The Hague Academy, the author offers a complete and didactic presentation. First, he reviews the principles, and after he distinguishes between treaties granting rights to third states and those imposing obligations. He also refers to treaties establishing an objective status (territorial or political) and treaties on international water channels to conclude with the treatment of the subject within international organizations.},
	Author = {Cahier, Philippe},
	Date-Added = {2020-04-25 23:49:17 -0400},
	Date-Modified = {2020-04-25 23:49:17 -0400},
	Journal = {Recueil des Cours},
	Pages = {589},
	Title = {Le probl{\`e}me des effets des trait{\'e}s {\`a}l'{\'e}gard des Etats tiers},
	Ty = {JOUR},
	Volume = {143},
	Year = {1974}}

@book{Chinkin:1993aa,
	Address = {New York},
	Annote = {Explores the position of third parties on traditional bilateral relations. Part 1 is devoted to the position of third parties in relation to treaties. The author finds the Vienna rules narrowly drawn and limited in their application. Nevertheless, the pacta tertiis rule has become ``less relevant''with the growth of less formal ways of creating international obligations.},
	Author = {Chinkin, Christine},
	Date-Added = {2020-04-25 23:49:17 -0400},
	Date-Modified = {2020-04-25 23:49:17 -0400},
	Isbn = {9780198257158},
	Publisher = {Oxford University Press},
	Title = {Third Parties in International Law},
	Ty = {BOOK},
	Year = {1993}}

@article{Jimenez-de-Arechaga:1956aa,
	Annote = {In this article Professor Jim{\'e}nez de Ar{\'e}chaga analyzes important treaties containing provisions in favor of third states such as the UN Charter, or peace treaties affecting Uruguay, the home country of the author. But mostly, he studies in depth the jurisprudence of The Hague Court in the Free Zones case.},
	Author = {Jim{\'e}nez de Ar{\'e}chaga, Eduardo},
	Date-Added = {2020-04-25 23:49:17 -0400},
	Date-Modified = {2020-04-25 23:49:17 -0400},
	Journal = {American Journal of International Law},
	Pages = {338--357},
	Title = {Treaty Stipulations in Favour of Third States},
	Ty = {JOUR},
	Volume = {50},
	Year = {1956}}

@article{Lee:1983aa,
	Annote = {In the immediate aftermath of the conclusion of the UN Convention on the Law of the Seas (UNCLOS), and prompted by the decision of United States and other countries not to sign the convention, the author considers its applicability to third states, either under the rules of the stipulation for another or under the interaction of the UNCLOS with customary norms.},
	Author = {Lee, Luke T. },
	Date-Added = {2020-04-25 23:49:17 -0400},
	Date-Modified = {2020-04-25 23:49:17 -0400},
	Journal = {American Journal of International Law},
	Pages = {541--568},
	Title = {The Law of the Sea Convention and Third States},
	Ty = {JOUR},
	Volume = {77},
	Year = {1983}}

@article{Rozakis:1975aa,
	Annote = {The first author examines articles 34 through 37 of the Vienna Convention and thereafter the interplay between treaty and custom, according to Article 38 of this convention. He concludes that the terms imply an attachment to strict consensual standards, which in the present circumstances would have positive effects on the building of just and effective rules based on common consent.},
	Author = {Rozakis, Christos L. },
	Date-Added = {2020-04-25 23:49:17 -0400},
	Date-Modified = {2020-04-25 23:49:17 -0400},
	Journal = {Zeitschrift f{\"u}r auslandisches {\"o}ffentliches Recht und V{\"o}lkerrecht},
	Pages = {1--40},
	Title = {Treaties and Third States: A Study in the Reinforcement of Consensual Standards in International Law},
	Ty = {JOUR},
	Volume = {35},
	Year = {1975}}

@article{Schweisfurth:1985aa,
	Annote = {A closer look at the old rule pacta tertiis nec nocent nec prosunt, especially regarding treaties that may have a retroactive effect on the interests or the legal position of nonparty states to them.},
	Author = {Schweisfurth, Theodor H. },
	Date-Added = {2020-04-25 23:49:17 -0400},
	Date-Modified = {2020-04-25 23:49:17 -0400},
	Journal = {Zeitschrift f{\"u}r auslandisches {\"o}ffentliches Recht und V{\"o}lkerrecht},
	Pages = {653--674},
	Title = {International Treaties and Third States},
	Ty = {JOUR},
	Year = {1985}}

@book{Talalaev:1985aa,
	Address = {Moscow},
	Annote = {This is the second volume of Talalaev's treatise on treaty law. It examines the Vienna rules on the effects of treaties on third parties with a sympathetic bent for the sovereign rights of states (save for aggressor states). The author sustains the International Court of Justice position in Nicaragua on the relationship between custom and treaty.},
	Author = {Talalaev, A.  N. },
	Date-Added = {2020-04-25 23:49:17 -0400},
	Date-Modified = {2020-04-25 23:49:17 -0400},
	Publisher = {Mezhdunarodnyz Otnshemia},
	Title = {The Law of International Treaties},
	Ty = {BOOK},
	Volume = {2},
	Year = {1985}}

@book{Klein:1980aa,
	Address = {Berlin},
	Annote = {The author defines the statusvertr{\"a}ge as a treaty concerning territory whose parties, having authority, aim to establish a regime in the general interest and with an erga omnes effect. The legal regime of these status treaties is covered in the second half of the book. The author's construction is essentially deductive, because of a limited practice on the subject.},
	Author = {Klein, Eckart},
	Date-Added = {2020-04-25 23:49:17 -0400},
	Date-Modified = {2020-04-25 23:49:17 -0400},
	Isbn = {9780387101415},
	Publisher = {Springer},
	Title = {Statusvertr{\"a}ge im V{\"o}lkerrecht: Rechtsfragen territorialer Sonderregime},
	Ty = {BOOK},
	Year = {1980}}

@inbook{McNair:1957aa,
	Address = {Milan},
	Annote = {The author collects a series of treaties producing effects that transcended party boundaries, classifying them as (1) forming part of an international settlement, (2) involving highways or artificial waterways of universal or general utility, (3) bringing into existence some new international entity, or (4) affecting sovereignty by recognizing, creating, or transferring rights in regard to territory.},
	Author = {McNair, Arnold D. },
	Booktitle = {Treaties Producing Effects erga omnes},
	Date-Added = {2020-04-25 23:49:17 -0400},
	Date-Modified = {2020-04-25 23:49:17 -0400},
	Pages = {23--36},
	Publisher = {Giuffr{\'e}},
	Title = {Scritti Tomasso Perassi},
	Ty = {CHAP},
	Year = {1957}}

@book{Ragazzi:1997aa,
	Address = {Oxford},
	Annote = {Chapter 2 is on ``prefigurations''of the concept of erga omnes obligations in other concepts, from the state servitudes to the objective regimes (examined basically in the context of the codification works on treaty law). The author concludes that an objective regime ends up falling back on the idea of consent.},
	Author = {Ragazzi, Maurizio},
	Date-Added = {2020-04-25 23:49:17 -0400},
	Date-Modified = {2020-04-25 23:49:17 -0400},
	Isbn = {9780198264804},
	Publisher = {Oxford University Press},
	Title = {The Concept of International Obligations Erga Omnes},
	Ty = {BOOK},
	Year = {1997}}

@article{Simma:1986aa,
	Annote = {The Antarctic is frequently cited as an example of objective regime. Indebted to some concepts of Klein, but not to his corollaries, Simma distinguishes three theoretical approaches: through the Law of Treaties (objective regimes as exception), the public law theory (a group of states assuming quasi-legislative competence in general interest), and subsequent practice (customary law).},
	Author = {Simma, Bruno},
	Date-Added = {2020-04-25 23:49:17 -0400},
	Date-Modified = {2020-04-25 23:49:17 -0400},
	Journal = {Cornell International Law Journal},
	Pages = {189--209},
	Title = {The Antarctic Treaty as a Treaty Providing for an `Objective Regime'},
	Ty = {JOUR},
	Volume = {19},
	Year = {1986}}

@article{Buergenthal:1992aa,
	Annote = {Offers a comprehensive treatment of the subject. It is highly recommended for students and practitioners of international law.},
	Author = {Buergenthal, Thomas},
	Date-Added = {2020-04-25 23:49:17 -0400},
	Date-Modified = {2020-04-25 23:49:17 -0400},
	Journal = {Recueil des Cours},
	Pages = {303--400},
	Title = {Self-Executing and Non-Self-Executing Treaties in National and International Law},
	Ty = {JOUR},
	Volume = {235},
	Year = {1992}}

@book{Conforti:1993aa,
	Address = {Dordrecht, The Netherlands},
	Annote = {This is a revised and updated version of the general course on public international law given by the author in 1988 at The Hague Academy of International Law. It focuses on the application and development of international law through domestic courts and agents, other than diplomats, that apply international law.},
	Author = {Conforti, Benedetto},
	Date-Added = {2020-04-25 23:49:17 -0400},
	Date-Modified = {2020-04-25 23:49:17 -0400},
	Isbn = {9780792323198},
	Publisher = {Martinus Nijhoff},
	Title = {International Law and the Role of Domestic Legal Systems},
	Ty = {BOOK},
	Year = {1993}}

@article{Jackson:1992aa,
	Annote = {A reference work, well-structured and with clear explanations on the different integration models of international rules into domestic legal systems (monism/dualism), presenting a comparative study, as well as a study of self-executing agreements.},
	Author = {Jackson, John H. },
	Date-Added = {2020-04-25 23:49:17 -0400},
	Date-Modified = {2020-04-25 23:49:17 -0400},
	Journal = {American Journal of International Law},
	Pages = {310--340},
	Title = {Status of Treaties in Domestic Legal Systems},
	Ty = {JOUR},
	Volume = {86},
	Year = {1992}}

@book{Jacobs:1987aa,
	Address = {London},
	Annote = {Describes the interaction between international law and domestic constitutional law in eight countries (Belgium, Denmark, France, Germany, Italy, the Netherlands, the United Kingdom, and the United States) and two international organizations (European Community and Council of Europe). It covers aspects such as the application and interpretation of treaties by domestic courts and the status of treaties in the national hierarchy of norms.},
	Author = {Jacobs, Francis G. and Roberts, Shelley},
	Date-Added = {2020-04-25 23:49:17 -0400},
	Date-Modified = {2020-04-25 23:49:17 -0400},
	Isbn = {9780421378704},
	Publisher = {Sweet \& Maxwell},
	Title = {The Effect of Treaties in Domestic Law},
	Ty = {BOOK},
	Year = {1987}}

@article{Kadelbach:1999aa,
	Annote = {Considers five types of treaties that could be incorporated into national law of the state parties by special rules.},
	Author = {Kadelbach, Stefan},
	Date-Added = {2020-04-25 23:49:17 -0400},
	Date-Modified = {2020-04-25 23:49:17 -0400},
	Journal = {German Yearbook of International Law},
	Pages = {66--83},
	Title = {International Law and the Incorporation of Treaties into Domestic Law},
	Ty = {JOUR},
	Volume = {42},
	Year = {1999}}

@book{Shelton:2011aa,
	Address = {Oxford},
	Annote = {Explores the different systems used by states to incorporate and interpret international law. It refers to the constitutional regulation of twenty-seven key countries, presenting a country-by-country comparison, including the influence of the European Union experience on the legal systems of its member states.},
	Author = {Shelton, Diane},
	Date-Added = {2020-04-25 23:49:17 -0400},
	Date-Modified = {2020-04-25 23:49:17 -0400},
	Isbn = {9780199694907},
	Publisher = {Oxford University Press},
	Title = {International Law and Domestic Legal Systems: Incorporation, Transformation and Persuasion},
	Ty = {BOOK},
	Year = {2011}}

@book{Sloss:2009aa,
	Address = {Cambridge, UK},
	Annote = {The author makes a comparative study of the application of treaties by domestic courts in twelve countries (Australia, Canada, Germany, India, the Netherlands, Poland, South Africa, the United Kingdom, China, Israel, Russia, and the United States) and of the remedies they provide when individuals are victims of treaty violations. The tendency, except in the United States, is to allow courts to enforce treaties on behalf of private parties.},
	Author = {Sloss, David},
	Date-Added = {2020-04-25 23:49:17 -0400},
	Date-Modified = {2020-04-25 23:49:17 -0400},
	Isbn = {9780521877305},
	Publisher = {Cambridge University Press},
	Title = {The Role of Domestic Courts in Treaty Enforcement},
	Ty = {BOOK},
	Year = {2009}}

@article{Vazquez:1995aa,
	Annote = {In this highly cited article, the author delves into the notions of self-executing agreements within the US legal order and factual experience. It is a successful attempt to clarify the different doctrines on the subject.},
	Author = {V{\'a}zquez, Carlos M. },
	Date-Added = {2020-04-25 23:49:17 -0400},
	Date-Modified = {2020-04-25 23:49:17 -0400},
	Journal = {American Journal of International Law},
	Pages = {695--723},
	Title = {The Four Doctrines of Self-Executing Treaties},
	Ty = {JOUR},
	Volume = {89},
	Year = {1995}}

@article{Nascimento-e-Silva:1977aa,
	Annote = {This is a clear and well-structured presentation of all matters affecting treaties in relation to the time factor. The author considers the entry into force of treaties, successive treaties on the same subject, the intertemporal law, and the nonretroactivity of treaties.},
	Author = {do Nascimento e Silva, Geraldo E. },
	Date-Added = {2020-04-25 23:49:17 -0400},
	Date-Modified = {2020-04-25 23:49:17 -0400},
	Journal = {Recueil des Cours},
	Pages = {215--297},
	Title = {Le facteur temps et les trait{\'e}s},
	Ty = {JOUR},
	Volume = {154},
	Year = {1977}}

@article{Elias:1980aa,
	Annote = {The author examines the doctrine of intertemporal law, reviewing its origin, notion, and elements established in the fundamental dictum by Judge Huber and subsequent developments. As an aspect of his work, the author makes reference to the doctrine in relation to the Law of Treaties.},
	Author = {Elias, Taslim O. },
	Date-Added = {2020-04-25 23:49:17 -0400},
	Date-Modified = {2020-04-25 23:49:17 -0400},
	Journal = {American Journal of International Law},
	Pages = {285--307},
	Title = {The Doctrine of the Intertemporal Law},
	Ty = {JOUR},
	Volume = {74},
	Year = {1980}}

@book{Kalamkaryan:1989aa,
	Address = {Moscow},
	Annote = {The first Russian monographic contribution, which took place in the twilight of the USSR, was on a subject matter that had prompted few monographs. The author discusses the principles of nonretroactivity, good faith in connection with the rule of Article 18, and above all, the application of successive treaties on the same matter.},
	Author = {Kalamkaryan, R.  A. },
	Date-Added = {2020-04-25 23:49:17 -0400},
	Date-Modified = {2020-04-25 23:49:17 -0400},
	Publisher = {Nauka},
	Title = {The Time Factor in the Law of International Treaties},
	Ty = {BOOK},
	Year = {1989}}

@article{Looper:1955aa,
	Annote = {Explores the tension between treaty obligations and federal constitutions and the problems to ratify and apply treaties that deal with an area of legislative competence of state units other than sovereign states. The author examines federal clauses within different and major treaties such as the ILO and the UN instrument on human rights.},
	Author = {Looper, Robert B. },
	Date-Added = {2020-04-25 23:49:17 -0400},
	Date-Modified = {2020-04-25 23:49:17 -0400},
	Journal = {British Yearbook of International Law},
	Pages = {162--203},
	Title = {`Federal State'Clauses in Multilateral Instruments},
	Ty = {JOUR},
	Volume = {32},
	Year = {1955}}

@article{Oliver:1974aa,
	Annote = {In these lectures delivered at The Hague Academy the author presents a complete study on federalism and its effects on treaty enforcement. He provides many practical examples of different federal states (Austria, India, Canada, Germany, and the United States), as well as the interesting experience of the European communities, calling attention to remaining difficulties and challenges.},
	Author = {Oliver, Covey T. },
	Date-Added = {2020-04-25 23:49:17 -0400},
	Date-Modified = {2020-04-25 23:49:17 -0400},
	Journal = {Recueil des Cours},
	Pages = {331--412},
	Title = {The Enforcement of Treaties by a Federal State},
	Ty = {JOUR},
	Volume = {141},
	Year = {1974}}

@book{Orihuela:2004aa,
	Address = {Madrid},
	Annote = {The author focuses on Article 28 of the Vienna Convention on the nonretroactivity principle, the will of the parties, and the entry into force and the application of treaties according to their nature, including Spanish practice. Pays special attention to the time factor in the play of treaty provisions on settlement of disputes.},
	Author = {Orihuela, Esperanza},
	Date-Added = {2020-04-25 23:49:17 -0400},
	Date-Modified = {2020-04-25 23:49:17 -0400},
	Isbn = {9788497725514},
	Publisher = {Dykinson},
	Title = {Los tratados internacionales y su aplicaci{\'o}n en el tiempo: Consideraciones sobre el efecto inicial de las disposiciones convencionales},
	Ty = {BOOK},
	Year = {2004}}

@book{Fitzmaurice:2010aa,
	Address = {Dordrecht, The Netherlands},
	Annote = {Reexamines the rules of treaty interpretation settled by the 1969 Vienna Convention and presents the latest practice of its application within two subfields of international law: trade and investment law, and human rights.},
	Author = {Fitzmaurice, Melgosia and Olufemi, Elias and Merkouris, Panos},
	Date-Added = {2020-04-25 23:49:17 -0400},
	Date-Modified = {2020-04-25 23:49:17 -0400},
	Isbn = {9789004181045},
	Publisher = {Martinus Nijhoff},
	Title = {Treaty Interpretation and the Vienna Convention on the Law of Treaties: 30 Years On},
	Ty = {BOOK},
	Year = {2010}}

@book{Gardiner:2008aa,
	Address = {Oxford},
	Annote = {A sound study within an orthodox approach based on the analysis of Vienna rules, case law, and doctrine. It is recommended for scholars and practitioners.},
	Author = {Gardiner, Richard},
	Date-Added = {2020-04-25 23:49:17 -0400},
	Date-Modified = {2020-04-25 23:49:17 -0400},
	Isbn = {9780199277919},
	Publisher = {Oxford University Press},
	Title = {Treaty Interpretation},
	Ty = {BOOK},
	Year = {2008}}

@article{Lauterpacht:1950aa,
	Annote = {The author reflects on key elements of interpretation such as the theory of sens clair (strict or extensive interpretation) and the effet utile principle (the intention of the parties). As a work conceived within the Institute of International Law (IIL), it also presents a resolution project and commentaries of other IIL members.},
	Author = {Lauterpacht, Hersch},
	Date-Added = {2020-04-25 23:49:17 -0400},
	Date-Modified = {2020-04-25 23:49:17 -0400},
	Journal = {Annuaire de l'Institut de Droit International},
	Pages = {366--460},
	Title = {De l'interpr{\'e}tation des trait{\'e}s},
	Ty = {JOUR},
	Volume = {1},
	Year = {1950}}

@book{Linderfalk:2007aa,
	Address = {Dordrecht, The Netherlands},
	Annote = {This is an original work that is very critical of the Vienna rules. It links interpretation to linguistics in an innovative manner. As a result, the author proposes forty-four interpretation rules.},
	Author = {Linderfalk, Ulf},
	Date-Added = {2020-04-25 23:49:17 -0400},
	Date-Modified = {2020-04-25 23:49:17 -0400},
	Isbn = {9781402063619},
	Publisher = {Springer},
	Title = {On the Interpretation of Treaties: The Modern International Law as Expressed in the 1969 Vienna Convention on the Law of Treaties},
	Ty = {BOOK},
	Year = {2007}}

@article{McLachlan:2005aa,
	Annote = {McLachlan supports the idea that all questions not resolved in an express form or in a different way within a treaty should be solved by referring to the general principles of international law.},
	Author = {McLachlan, Campbell},
	Date-Added = {2020-04-25 23:49:17 -0400},
	Date-Modified = {2020-04-25 23:49:17 -0400},
	Journal = {International and Comparative Law Quarterly},
	Pages = {279--320},
	Title = {The Principle of Systemic Integration and Article 31.3, c, of the Vienna Convention},
	Ty = {JOUR},
	Volume = {54},
	Year = {2005}}

@book{Orakhelashvili:2008aa,
	Address = {Oxford},
	Annote = {This is an ambitious attempt to cover all aspects of interpretation, doctrinal and practical, of all acts and rules of international law, not only treaties. The author, who attempts to continue the unfinished work of Sir Hersch Lauterpacht, tries to show what the process is and what it does with an impressive exhibition of legal, judicial, and doctrinal materials.},
	Author = {Orakhelashvili, Alexander},
	Date-Added = {2020-04-25 23:49:17 -0400},
	Date-Modified = {2020-04-25 23:49:17 -0400},
	Isbn = {9780199546220},
	Publisher = {Oxford University Press},
	Title = {The Interpretation of Acts and Rules in Public International Law},
	Ty = {BOOK},
	Year = {2008}}

@article{Yasseen:1976aa,
	Annote = {After a brief introduction, this work is divided into three parts in which the author examines Articles 31 to 33 of the Vienna Convention. The author draws attention to the principle of effectiveness (ut res magis valeat quam pereat).},
	Author = {Yasseen, Mustafa K. },
	Date-Added = {2020-04-25 23:49:17 -0400},
	Date-Modified = {2020-04-25 23:49:17 -0400},
	Journal = {Recueil des Cours},
	Pages = {1--114},
	Title = {L'interpr{\'e}tation des trait{\'e}s d'apr{\`e}s la Convention de Vienne sur le Droit des Trait{\'e}s},
	Ty = {JOUR},
	Volume = {151},
	Year = {1976}}

@article{Falk:1967aa,
	Annote = {Reviews the doctrine sustained by the New Haven school. Falk welcomes this new approach, praising its originality and brilliance, but he sees some limits and difficulties and makes some suggestions in order to provide an adequate conception of interpretation.},
	Author = {Falk, Richard A. },
	Date-Added = {2020-04-25 23:49:17 -0400},
	Date-Modified = {2020-04-25 23:49:17 -0400},
	Journal = {Virginia Journal of International Law},
	Pages = {323--355},
	Title = {On Treaty Interpretation and the New Haven Approach: Achievement and Prospects},
	Ty = {JOUR},
	Year = {1967}}

@article{Fitzmaurice:1971aa,
	Annote = {This is a very critical and hardnosed review of the New Haven approach.},
	Author = {Fitzmaurice, Gerald},
	Date-Added = {2020-04-25 23:49:17 -0400},
	Date-Modified = {2020-04-25 23:49:17 -0400},
	Journal = {American Journal of International Law},
	Pages = {358--373},
	Title = {Vae Victis or Woe to the Negotiators! Your Treaty or Our Interpretation of It?},
	Ty = {JOUR},
	Volume = {65},
	Year = {1971}}

@article{MacDougal:1967aa,
	Annote = {A critical approach to the interpretation rules settled by the ILC draft articles on the Law of Treaties. McDougal thinks ILC overemphasizes the textual interpretation of treaties to the detriment of the quest for the parties'intentions or the contextual facts.},
	Author = {MacDougal, Myres S. },
	Date-Added = {2020-04-25 23:49:17 -0400},
	Date-Modified = {2020-04-25 23:49:17 -0400},
	Journal = {American Journal of International Law},
	Pages = {992--1000},
	Title = {The ILC's Draft Articles upon Interpretation: Textuality Redivivus},
	Ty = {JOUR},
	Volume = {61},
	Year = {1967}}

@book{MacDougal:1994aa,
	Address = {Dordrecht, The Netherlands},
	Annote = {Presents a policy-oriented approach to interpretation, written by the major exponents of the New Haven school. The interpretation method applied draws upon psychology, legal experience, and communications theory. First published in 1967 (New Haven, CT: Yale University Press).},
	Author = {MacDougal, Myres S. and Laswell, Harold D. and Miller, James C.},
	Date-Added = {2020-04-25 23:49:17 -0400},
	Date-Modified = {2020-04-25 23:49:17 -0400},
	Isbn = {9780792325697},
	Publisher = {Martinus Nijhoff},
	Title = {The Interpretation of International Agreements},
	Ty = {BOOK},
	Year = {1994}}

@book{Akhavi:2003aa,
	Address = {Dordrecht, The Netherlands},
	Annote = {This is a clear and systematic analysis, including numerous practical examples, of conflicts between treaties and how to solve them. In this sense, by interpreting and reconciling---through a compatibility proof---treaties, many conflicts can be avoided and prevented. Also refers to the eventual customary character of the provisions in the Vienna Convention.},
	Author = {Akhavi, Seyed Ali Sadat},
	Date-Added = {2020-04-25 23:49:17 -0400},
	Date-Modified = {2020-04-25 23:49:17 -0400},
	Isbn = {9789041120311},
	Publisher = {Martinus Nijhoff},
	Title = {Methods of Resolving Conflicts between Treaties},
	Ty = {BOOK},
	Year = {2003}}

@book{Binder:1988aa,
	Address = {Westport, CT},
	Annote = {From the leitmotif of the incompatibility between Egypt's Camp David Agreement with Israel and its agreements with other Arab nations, the author brings to life the history of treaty conflict, elaborating an original construction that, as one of his reviewers said, is ``exasperating''in terms of structure but of high quality as a conceptual work.},
	Author = {Binder, Guyora},
	Date-Added = {2020-04-25 23:49:17 -0400},
	Date-Modified = {2020-04-25 23:49:17 -0400},
	Isbn = {9780275930462},
	Publisher = {Praeger},
	Title = {Treaty Conflict and Political Contradiction: The Dialectic of Duplicity},
	Ty = {BOOK},
	Year = {1988}}

@article{Jenks:1953aa,
	Annote = {This work is divided in two parts: the first is devoted to the identification of the problems in the stage of the negotiation of treaties and international case law; the second addresses how to solve them with presumptions and principles, procedural precautions, and if needed, procedures for resolving conflicts.},
	Author = {Jenks, C.  Wilfred},
	Date-Added = {2020-04-25 23:49:17 -0400},
	Date-Modified = {2020-04-25 23:49:17 -0400},
	Journal = {British Yearbook of International Law},
	Pages = {401--453},
	Title = {The Conflict of Law-Making Treaties},
	Ty = {JOUR},
	Volume = {30},
	Year = {1953}}

@book{Lopez-Martin:2002aa,
	Address = {Madrid},
	Annote = {Deals with the conflicts of conventional norms, examining the rules settled by the 1969 Vienna Convention, international jurisprudence, and codification works.},
	Author = {L{\'o}pez Mart{\'\i}n, Gema},
	Date-Added = {2020-04-25 23:49:17 -0400},
	Date-Modified = {2020-04-25 23:49:17 -0400},
	Isbn = {9788484810018},
	Publisher = {Universidad Complutense, Servicio de Publicaciones},
	Title = {Tratados sucesivos en conflicto: Criterios de aplicaci{\'o}n},
	Ty = {BOOK},
	Year = {2002}}

@book{Majoros:1980aa,
	Address = {Paris},
	Annote = {This original volume explores the problems and solutions of the conflict of treaties on matters of private international law. It reviews, topic by topic, the conflict rules taking into account the international regulation (conventional and customary), as well as the doctrinal debates.},
	Author = {Majoros, Ferencz},
	Date-Added = {2020-04-25 23:49:17 -0400},
	Date-Modified = {2020-04-25 23:49:17 -0400},
	Isbn = {9782233000804},
	Publisher = {Pedone},
	Title = {Partie sp{\'e}ciale: 1, Le Droit des Conflits de Conventions},
	Title1 = {Les Conventions internationales en mati{\`e}re de Droit Priv{\'e}: Abreg{\'e}th{\'e}orique et trait{\'e}pratique},
	Ty = {BOOK},
	Volume = {2},
	Year = {1980}}

@article{Roucounas:1987aa,
	Annote = {These highly recommended lectures from The Hague Academy offer a comprehensive and detailed study of this very complex subject. The author reflects on the different theories of the notion of conflict, the hierarchy of sources, the time factor, the conflict between binding and nonbinding sources, and conflict resolution, inter alia.},
	Author = {Roucounas, Emmanuel},
	Date-Added = {2020-04-25 23:49:17 -0400},
	Date-Modified = {2020-04-25 23:49:17 -0400},
	Journal = {Recueil des Cours},
	Pages = {9--287},
	Title = {Engagements parall{\`e}les et contradictoires},
	Ty = {JOUR},
	Volume = {206},
	Year = {1987}}

@article{Vierdag:1988aa,
	Annote = {Deals with the clarification of terms included in the Vienna Convention such as ``conclusion''of treaties, encompassing different acts and meanings. The research is illustrated by a practical case on the compatibility of the 1979 Radio Regulations and the 1966 UN Covenant on Civil and Political Rights.},
	Author = {Vierdag, E.  W. },
	Date-Added = {2020-04-25 23:49:17 -0400},
	Date-Modified = {2020-04-25 23:49:17 -0400},
	Journal = {British Yearbook of International Law},
	Pages = {75--111},
	Title = {The Time of the Conclusion of a Multilateral Treaty: Article 30 of the Vienna Convention on the Law of Treaties and Related Provisions},
	Ty = {JOUR},
	Volume = {59},
	Year = {1988}}

@book{Casanovas:2001aa,
	Address = {The Hague},
	Annote = {Section 3 of the first part of this work is devoted to international treaties and international regimes, proposing a typology of material international regimes and contending the unity of the international legal system.},
	Author = {Casanovas, Oriol},
	Date-Added = {2020-04-25 23:49:17 -0400},
	Date-Modified = {2020-04-25 23:49:17 -0400},
	Isbn = {9789041116642},
	Publisher = {Martinus Nijhoff},
	Title = {Unity and Pluralism in Public International Law},
	Ty = {BOOK},
	Year = {2001}}

@article{Dupuy:2002aa,
	Annote = {Deals with one of the major themes at the beginning of the 21st century: the unity of the international legal system in light of the constant expansion of international law and the creation of new subfields, which threaten its coherent application.},
	Author = {Dupuy, Pierre-Marie},
	Date-Added = {2020-04-25 23:49:17 -0400},
	Date-Modified = {2020-04-25 23:49:17 -0400},
	Journal = {Recueil des Cours},
	Pages = {9--489},
	Title = {L'unit{\'e}de l'ordre juridique international},
	Ty = {JOUR},
	Volume = {297},
	Year = {2002}}

@book{Gradoni:2009aa,
	Address = {Milan},
	Annote = {This is a stimulating and well-written critique of the dominant doctrine that when a regime fails general rules apply. The author delves into the usual silence of the self-contained regimes on the issue, using the philosophy of language techniques to force the silent to speak. The practices of the World Trade Organization and the European Union (EU) confirm, he says, his conclusions.},
	Author = {Gradoni, Lorenzo},
	Date-Added = {2020-04-25 23:49:17 -0400},
	Date-Modified = {2020-04-25 23:49:17 -0400},
	Isbn = {9788813291464},
	Publisher = {Cedam},
	Title = {Regime failure nel Diritto Internazionale},
	Ty = {BOOK},
	Year = {2009}}

@book{Huesa:2006aa,
	Address = {Brussels},
	Annote = {Compiles the contributions to a seminar on the matter held in Palma, Spain. It refers to the different sources of international law and their contribution to its unity, the advantages and disadvantages of fragmentation, and the mutual coherence of the subfields of international law that the international judge is to provide.},
	Author = {Huesa, Rosario and Wellens, Karel},
	Date-Added = {2020-04-25 23:49:17 -0400},
	Date-Modified = {2020-04-25 23:49:17 -0400},
	Publisher = {Bruylant},
	Title = {L'influence des sources sur l'unit{\'e}et la fragmentation du Droit International},
	Ty = {BOOK},
	Year = {2006}}

@book{Klabbers:2008aa,
	Address = {Cambridge, UK},
	Annote = {Explores the controversial topic of the conflict of obligations arising from treaties concluded by EU members and EU law. The book also presents the difficult compatibility between international regimes, such as the EU, and general international law or other special regimes fields. It is very critical of the latest EU jurisprudence on the topic.},
	Author = {Klabbers, Jan},
	Date-Added = {2020-04-25 23:49:17 -0400},
	Date-Modified = {2020-04-25 23:49:17 -0400},
	Isbn = {9780511463709},
	Publisher = {Cambridge University Press},
	Title = {Treaty Conflict and the European Union},
	Ty = {BOOK},
	Year = {2008}}

@book{Rodrigo:2011aa,
	Address = {Madrid},
	Annote = {Presents a scientific dialogue on the different aspects of the unity and pluralism in international law and international society. The second and the third parts are mostly dedicated to international regimes and their mutual relationships.},
	Author = {Rodrigo, Angel J. and Garc{\'\i}a, Caterina},
	Date-Added = {2020-04-25 23:49:17 -0400},
	Date-Modified = {2020-04-25 23:49:17 -0400},
	Isbn = {9788430952120},
	Publisher = {Homenaje Oriol Casanovas},
	Title = {Unidad y Pluralismo en el Derecho Internacional P{\'u}blico y en la Comunidad Internacional},
	Ty = {BOOK},
	Year = {2011}}

@article{Simma:2006aa,
	Annote = {The authors deal with the problems of compatibility that arise in international law with the so-called self-contained regimes (see Simma, ``Self-contained Regimes,''Netherlands Yearbook of International Law 16 {$[$}1985{$]$}: 111--136) and the application of the lex specialis maxim to solve them. They emphatically affirm that the general rules on state responsibility apply residually to those situations.},
	Author = {Simma, Bruno and Pulkowski, Dirk},
	Date-Added = {2020-04-25 23:49:17 -0400},
	Date-Modified = {2020-04-25 23:49:17 -0400},
	Journal = {European Journal of International Law},
	Pages = {483--529},
	Title = {Of Planets and the Universe: Self-contained Regimes in International Law},
	Ty = {JOUR},
	Url = {http://www.ejil.org/pdfs/17/3/202.pdf},
	Volume = {17},
	Year = {2006},
	Bdsk-Url-1 = {http://www.ejil.org/pdfs/17/3/202.pdf}}

@book{Chen:1974aa,
	Address = {Hamden, CT},
	Annote = {Although the author reviews the general theory and practice of state succession to treaties, this monograph deals with the particular case of state succession on treaties qualified as ``unequal.''According to the author, the weaker parties within an unequal treaty have the right to revise or even denounce the treaty.},
	Author = {Chen, Lung-Fong},
	Date-Added = {2020-04-25 23:49:17 -0400},
	Date-Modified = {2020-04-25 23:49:17 -0400},
	Isbn = {9780208014337},
	Publisher = {Shoe String Press},
	Title = {State Succession Relating to Unequal Treaties},
	Ty = {BOOK},
	Year = {1974}}

@book{Craven:2009aa,
	Address = {Oxford},
	Annote = {This interesting monograph reviews the origins of the difficult issue of state succession as part of the process of decolonization and ponders the latest developments of the 1990s. It also discusses the failure in codifying norms to regulate this subject.},
	Author = {Craven, Matthew},
	Date-Added = {2020-04-25 23:49:17 -0400},
	Date-Modified = {2020-04-25 23:49:17 -0400},
	Isbn = {9780199577880},
	Publisher = {Oxford University Press},
	Title = {The Decolonization of International Law: State Succession and the Law of Treaties},
	Ty = {BOOK},
	Year = {2009}}

@book{Goncalves-Pereira:1969aa,
	Address = {Paris},
	Annote = {The author begins explaining the concept of state succession, which is not always evident, and the different doctrines concerning it. He then explores the state practice in a variety of cases and ends with the formulation of an interesting legal construction of state succession.},
	Author = {Gon{\c c}alves Pereira, Andr{\'e}},
	Date-Added = {2020-04-25 23:49:17 -0400},
	Date-Modified = {2020-04-25 23:49:17 -0400},
	Publisher = {Pedone},
	Title = {La succession d'Etats en mati{\`e}re de trait{\'e}s},
	Ty = {BOOK},
	Year = {1969}}

@article{Jenks:1952aa,
	Annote = {Provides many examples and presents the doctrinal position on the topic. A work of historical interest.},
	Author = {Jenks, C.  Wilfred},
	Date-Added = {2020-04-25 23:49:17 -0400},
	Date-Modified = {2020-04-25 23:49:17 -0400},
	Journal = {British Yearbook of International Law},
	Pages = {105--144},
	Title = {State Succession in Respect of Law-Making Treaties},
	Ty = {JOUR},
	Volume = {29},
	Year = {1952}}

@book{Meriboute:1984aa,
	Address = {Paris},
	Annote = {The author analyzes the Vienna Convention of 1978, including the International Law Commission's draft articles, the doctrinal contributions, and some relevant state practices. He is soundly critical of the distinction between the succession of states born as a consequence of decolonization and that of states created by secession. He also refers to succession in cases of mere territorial change.},
	Author = {Meriboute, Zidane},
	Date-Added = {2020-04-25 23:49:17 -0400},
	Date-Modified = {2020-04-25 23:49:17 -0400},
	Isbn = {9782130389125},
	Publisher = {Presses Universitaires de France},
	Title = {La codification de la succession d`Etats aux trait{\'e}s: D{\'e}colonisation, s{\'e}cession, unification},
	Ty = {BOOK},
	Year = {1984}}

@article{OConnell:1970ab,
	Annote = {The author, who three years before had published his impressive State Succession in Municipal Law and International Law (Cambridge, UK: Cambridge Univeristy Press, 1967), devotes two chapters to succession of treaties, examining the modalities of succession with the help of numerous examples of the practice and related contemporary theory.},
	Author = {O'Connell, Daniel P. },
	Date-Added = {2020-04-25 23:49:17 -0400},
	Date-Modified = {2020-04-25 23:49:17 -0400},
	Journal = {Recueil des Cours},
	Pages = {95--206},
	Title = {Recent Problems of the State Succession in Relation to New States},
	Ty = {JOUR},
	Volume = {130},
	Year = {1970}}

@book{Pazartzis:2002aa,
	Address = {Paris},
	Annote = {Discusses the problems of state succession on multilateral treaties in relation to the events in central Europe at end of the 20th century, reflecting on the existence of customary law on this matter.},
	Author = {Pazartzis, Photini},
	Date-Added = {2020-04-25 23:49:17 -0400},
	Date-Modified = {2020-04-25 23:49:17 -0400},
	Isbn = {9782233003997},
	Publisher = {Pedone},
	Title = {La succession d'Etats aux trait{\'e}s multilat{\'e}raux {\`a}la lumi{\`e}re des mutations territoriales r{\'e}centes},
	Ty = {BOOK},
	Year = {2002}}

@article{Bowman:1995aa,
	Annote = {Emphasizes the flexibility of the multilateral treaty as a legal instrument adapted to the demands of contemporary international society. The facility to amend the texts is a critical element in that regard.},
	Author = {Bowman, M.  J. },
	Date-Added = {2020-04-25 23:49:17 -0400},
	Date-Modified = {2020-04-25 23:49:17 -0400},
	Journal = {International and Comparative Law Quarterly},
	Pages = {540--559},
	Title = {The Multilateral Treaty Amendment Process: A Case Study},
	Ty = {JOUR},
	Volume = {44},
	Year = {1995}}

@article{Cot:1966aa,
	Annote = {In a historically valuable article, Cot reflects on the acts prior to the conclusion of a treaty as proof of the will of the parties to modify or create new obligations.},
	Author = {Cot, Jean-Pierre},
	Date-Added = {2020-04-25 23:49:17 -0400},
	Date-Modified = {2020-04-25 23:49:17 -0400},
	Journal = {Revue G{\'e}n{\'e}rale de Droit International Public},
	Pages = {632--666},
	Title = {La conduite subs{\'e}quente des Parties {\`a}un Trait{\'e}},
	Ty = {JOUR},
	Volume = {70},
	Year = {1966}}

@article{Georgopoulos:2004aa,
	Annote = {Explores the techniques aiming to conciliate the two elements of intertemporal law: the permanence of the norm and its adaptation as time passes. Georgopoulos also dedicates a chapter to analyzing the narrow path between creation of a new norm (through the evolutional provisions) and the maintenance of the conventional norm. He also refers to the limits of evolutionary interpretation.},
	Author = {Georgopoulos, Theodore},
	Date-Added = {2020-04-25 23:49:17 -0400},
	Date-Modified = {2020-04-25 23:49:17 -0400},
	Journal = {Revue G{\'e}n{\'e}rale de Droit International Public},
	Pages = {123--148},
	Title = {Le droit intertemporel et les dispositions conventionnelles {\'e}volutives. Quelle th{\'e}rapie contre la vieillesse des trait{\'e}s?},
	Ty = {JOUR},
	Volume = {108},
	Year = {2004}}

@article{Giraud:1961aa,
	Annote = {Giraud presents his argument with the rigor that usually accompanies discussion of the reports by members of the institute.},
	Author = {Giraud, Emile},
	Date-Added = {2020-04-25 23:49:17 -0400},
	Date-Modified = {2020-04-25 23:49:17 -0400},
	Journal = {Annuaire de l'Institut de Droit International},
	Number = {2},
	Pages = {5--153},
	Title = {Modification et Terminaison des Trait{\'e}s Collectifs},
	Ty = {JOUR},
	Volume = {49},
	Year = {1961}}

@book{Kontou:1994ab,
	Address = {Oxford},
	Annote = {Offers a detailed analysis of the tension between treaty obligations and customary norms and how the latter can abrogate the obligations of prior treaties. In this case, the author argues that the state has a right to renegotiate the treaty.},
	Author = {Kontou, Nancy},
	Date-Added = {2020-04-25 23:49:17 -0400},
	Date-Modified = {2020-04-25 23:49:17 -0400},
	Isbn = {9780198258421},
	Publisher = {Oxford University Press},
	Title = {The Termination and Revision of Treaties in the Light of New Customary International Law},
	Ty = {BOOK},
	Year = {1994}}

@book{Leca:1961aa,
	Address = {Paris},
	Annote = {Considers in depth each revision and provides practical examples. Leca also refers to the theory of contrary act or to the clause rebus sic stantibus.},
	Author = {Leca, Jean},
	Date-Added = {2020-04-25 23:49:17 -0400},
	Date-Modified = {2020-04-25 23:49:17 -0400},
	Publisher = {Librairie G{\'e}n{\'e}rale de Droit et de Jurisprudence},
	Title = {Les techniques de r{\'e}vision des conventions internationales},
	Ty = {BOOK},
	Year = {1961}}

@article{Poch:1968aa,
	Annote = {These lectures present a comprehensive study on the clause rebus sic stantibus and how it is substituted for revision clauses in treaties as the international society is developing and moving to establish multilateral obligations. Interesting from a historical point of view.},
	Author = {Poch, Antonio},
	Date-Added = {2020-04-25 23:49:17 -0400},
	Date-Modified = {2020-04-25 23:49:17 -0400},
	Journal = {Recueil des Cours},
	Pages = {105--208},
	Title = {De la clause `rebus sic stantibus'{\`a}la clause de r{\'e}vision dans les conventions internationales},
	Ty = {JOUR},
	Volume = {118},
	Year = {1968}}

@article{Scelle:1948aa,
	Annote = {This preliminary report presents Scelle's original concept of the techniques of elaboration and transformation of multilateral treaties, masterfully highlighting differences in consideration of the matter before World War II.},
	Author = {Scelle, Georges},
	Date-Added = {2020-04-25 23:49:17 -0400},
	Date-Modified = {2020-04-25 23:49:17 -0400},
	Journal = {Annuaire de l'Institut de Droit International},
	Pages = {1--51},
	Title = {La r{\'e}vision dans les Conventions g{\'e}n{\'e}rales},
	Ty = {JOUR},
	Volume = {42},
	Year = {1948}}

@inbook{Buffard:2008aa,
	Address = {Leiden, The Netherlands},
	Annote = {Emphasizes the crucial role of the pacta sunt servanda in the international legal order. Binder examines the consecration of the rule in Article 26 of the Vienna Convention, then considers its reflections on the rules on invalidity, termination, and suspension of treaties inspired by the goal of treaty stability, as corroborated by state practice and jurisprudence.},
	Author = {Buffard, Isabelle and Crawford, James and Pellet, Alain and Wittich, Stephan and Binder, Cristina},
	Booktitle = {The Pacta Sunt Servanda Rule in the Vienna Convention on the Law of Treaties: A Pillar and its Safeguards},
	Date-Added = {2020-04-25 23:49:17 -0400},
	Date-Modified = {2020-04-25 23:49:17 -0400},
	Isbn = {9789004167278},
	Pages = {317--341},
	Publisher = {Martinus Nijhoff},
	Title = {International Law between Universalism and Fragmentation, Festschrift in Honour of Gerhard Hafner},
	Ty = {CHAP},
	Year = {2008}}

@article{Cahier:1972aa,
	Annote = {A study of the invalidity of international acts, this article dedicates itself to the invalidity of treaties according to the Vienna Convention, distinguishing between relative and absolute nullity and their effects.},
	Author = {Cahier, Philippe},
	Date-Added = {2020-04-25 23:49:17 -0400},
	Date-Modified = {2020-04-25 23:49:17 -0400},
	Journal = {Revue G{\'e}n{\'e}rale de Droit International Public},
	Pages = {645--691},
	Title = {Les caract{\'e}ristiques de la nullit{\'e}en Droit International et tout particuli{\`e}rement dans la Convention de Vienne de 1969 sur le Droit des Trait{\'e}s},
	Ty = {JOUR},
	Volume = {76},
	Year = {1972}}

@article{Conforti:1990aa,
	Annote = {The authors try to clarify whether the causes of invalidity or termination operate automatically or if there is a need for an international act of denunciation or an equivalent international act. The conclusion is that there is no simple answer.},
	Author = {Conforti, Benedetto and Labella, Angelo},
	Date-Added = {2020-04-25 23:49:17 -0400},
	Date-Modified = {2020-04-25 23:49:17 -0400},
	Journal = {European Journal of International Law},
	Pages = {44--66},
	Title = {Invalidity and Termination of Treaties: The Role of National Courts},
	Ty = {JOUR},
	Url = {http://www.ejil.org/pdfs/1/1/1145.pdf},
	Volume = {1},
	Year = {1990},
	Bdsk-Url-1 = {http://www.ejil.org/pdfs/1/1/1145.pdf}}

@article{Elias:1971aa,
	Annote = {These lectures, delivered after the adoption of the 1969 Vienna Convention, serve as a very good introduction to the different grounds of invalidity settled by the convention and their previous treatment in the jurisprudence.},
	Author = {Elias, Taslim O. },
	Date-Added = {2020-04-25 23:49:17 -0400},
	Date-Modified = {2020-04-25 23:49:17 -0400},
	Journal = {Recueil des Cours},
	Pages = {333--416},
	Title = {Problems Concerning the Validity of Treaties},
	Ty = {JOUR},
	Volume = {134},
	Year = {1971}}

@book{Greig:2006aa,
	Address = {London},
	Annote = {A monograph on the nullity of treaties focused on the separability of invalid treaty provisions. It also refers to the powers of the Security Council that can influence the validity of treaties.},
	Author = {Greig, Donald W. },
	Date-Added = {2020-04-25 23:49:17 -0400},
	Date-Modified = {2020-04-25 23:49:17 -0400},
	Isbn = {9781905221028},
	Publisher = {British Institute of International and Comparative Law},
	Title = {Invalidity and the Law of Treaties},
	Ty = {BOOK},
	Year = {2006}}

@article{Guggenheim:1949aa,
	Annote = {Reviews essential notions of legal character such as irregular acts and absolute and relative nullity and retroactivity of legal acts. A valid contribution to international legal theory, also applicable to treaties, even if they are not examined separately.},
	Author = {Guggenheim, Paul},
	Date-Added = {2020-04-25 23:49:17 -0400},
	Date-Modified = {2020-04-25 23:49:17 -0400},
	Journal = {Recueil des Cours},
	Pages = {191--268},
	Title = {La validit{\'e}et la nullit{\'e}des actes juridiques internationaux},
	Ty = {JOUR},
	Volume = {74},
	Year = {1949}}

@inbook{McNair:1965aa,
	Address = {London},
	Annote = {This is a general-interest work on the juridical consequences of international unlawful acts. Reviews the basic concepts of validity, effectiveness, the maxim ex injuria non oritur jus, secondary laws, and so forth. Serves as a good introduction.},
	Author = {McNair, Arnold Duncan and Jennings, Robert Y.},
	Booktitle = {Nullity and Effectiveness in International Law},
	Date-Added = {2020-04-25 23:49:17 -0400},
	Date-Modified = {2020-04-25 23:49:17 -0400},
	Pages = {64--87},
	Publisher = {Stevens},
	Title = {Cambridge Essays in International Law: Essays in Honour of Lord McNair},
	Ty = {CHAP},
	Year = {1965}}

@article{Nahlik:1971aa,
	Annote = {Deals seriously with the different causes of nullity and termination of international agreements, based on the 1969 Vienna Convention. The author tries to answer some questions raised by the new codification, such as the customary nature (or not) of the convention's rules.},
	Author = {Nahlik, Stanislaw E. },
	Date-Added = {2020-04-25 23:49:17 -0400},
	Date-Modified = {2020-04-25 23:49:17 -0400},
	Journal = {American Journal of International Law},
	Pages = {736--756},
	Title = {The Grounds of Invalidity and Termination of Treaties},
	Ty = {JOUR},
	Volume = {65},
	Year = {1971}}

@article{Rozakis:1974aa,
	Annote = {Presents an in-depth analysis on the causes of invalid treaties provided by the 1969 Vienna Convention and the procedure to verify this. A classical work and indispensable reading for serious students.},
	Author = {Rozakis, Christos L. },
	Date-Added = {2020-04-25 23:49:17 -0400},
	Date-Modified = {2020-04-25 23:49:17 -0400},
	Journal = {Archiv des V{\"o}lkerrechts},
	Pages = {150--193},
	Title = {The Law on Invalidity of Treaties: An Analysis of the Legal Rules on Invalidity under the Vienna Convention on the Law of Treaties},
	Ty = {JOUR},
	Volume = {16},
	Year = {1974}}

@article{Cahier:1971aa,
	Annote = {Argues that Article 46 of the Vienna Convention represents an acceptable compromise between the ``constitutionalist''theory, which contends the nullity of a treaty made in violation of a constitutional norm, and the ``internationalist''theory, which contends that internal law is irrelevant as far as the validity of a treaty is concerned.},
	Author = {Cahier, Philippe},
	Date-Added = {2020-04-25 23:49:17 -0400},
	Date-Modified = {2020-04-25 23:49:17 -0400},
	Journal = {Rivista di Diritto Internazionale},
	Pages = {226--245},
	Title = {La violation du Droit interne relative {\`a}la competence pour conclure des trait{\'e}s comme cause de nullit{\'e}des trait{\'e}s},
	Ty = {JOUR},
	Volume = {54},
	Year = {1971}}

@article{Jong:1984aa,
	Annote = {Examines articles 51 and 52 of the Vienna Convention and the discussions that took place in the Netherlands as its government initiated the constitutional procedure to become a party to the convention in 1983. Only ``unlawful''coercion invalidates a treaty.},
	Author = {de Jong, H.  G. },
	Date-Added = {2020-04-25 23:49:17 -0400},
	Date-Modified = {2020-04-25 23:49:17 -0400},
	Journal = {Netherlands Yearbook of International Law},
	Pages = {209--247},
	Title = {Coercion in the Conclusion of Treaties: A Consideration of Articles 51 and 52 of the Convention on the Law of Treaties},
	Ty = {JOUR},
	Volume = {15},
	Year = {1984}}

@book{Geck:1963aa,
	Address = {Cologne and Berlin},
	Annote = {Explores the effects in international law of treaties concluded in violation of one or various state parties'constitutional norms. It encloses a meticulous doctrinal analysis but also extensive references to state practice and international jurisprudence, as well as some policy considerations.},
	Author = {Geck, Wilhem K. },
	Date-Added = {2020-04-25 23:49:17 -0400},
	Date-Modified = {2020-04-25 23:49:17 -0400},
	Publisher = {Heymans Verlag},
	Title = {Die Volkerrechtlichen Wirkungen verfassungswidriger Vertrage: Zugleich ein Beitrag zum Vertragsschluss im Verfassungsrecht der Staatenwelt},
	Ty = {BOOK},
	Year = {1963}}

@book{Malawer:1977aa,
	Address = {Buffalo, NY},
	Annote = {The rule against imposed treaties is an exception to the pacta sunt servanda. The author makes the distinction between the coercion of the individuals and the coercion of the states. He suggests there is a relationship between imposed and unequal treaties.},
	Author = {Malawer, Stuart S. },
	Date-Added = {2020-04-25 23:49:17 -0400},
	Date-Modified = {2020-04-25 23:49:17 -0400},
	Isbn = {9780930342074},
	Publisher = {W. S. Hein},
	Title = {Imposed Treaties and International Law},
	Ty = {BOOK},
	Year = {1977}}

@article{Meron:1978aa,
	Annote = {The author reviews another cause of invalidity of treaties according the 1969 Vienna Convention in light of contemporary practice, clarifying the role of the conditions established by Article 46 of the Vienna Convention.},
	Author = {Meron, Theodor},
	Date-Added = {2020-04-25 23:49:17 -0400},
	Date-Modified = {2020-04-25 23:49:17 -0400},
	Journal = {British Yearbook of International Law},
	Pages = {175--199},
	Title = {Article 46 of the Vienna Convention on the Law of Treaties (ultra vires treaties): Some Recent Cases},
	Ty = {JOUR},
	Volume = {49},
	Year = {1978}}

@book{Napoletano:1977aa,
	Address = {Milan},
	Annote = {Deals mainly with two situations: coercion of a representative of a state and the other is coercion of a state by threat or use of force; both are contemplated in the 1969 Vienna Convention as causes for treaty nullity. The author goes over the convention rules, taking into account customary norms and general principles of international law.},
	Author = {Napoletano, Guido},
	Date-Added = {2020-04-25 23:49:17 -0400},
	Date-Modified = {2020-04-25 23:49:17 -0400},
	Publisher = {Giuffr{\'e}},
	Title = {Violenza e tratatti nel Diritto Internazionale},
	Ty = {BOOK},
	Year = {1977}}

@article{Oraison:1971aa,
	Annote = {In this extensive article the author examines all the elements constitutive of fraud, its conditions, and sanctions under the Law of Treaties.},
	Author = {Oraison, Andr{\'e}},
	Date-Added = {2020-04-25 23:49:17 -0400},
	Date-Modified = {2020-04-25 23:49:17 -0400},
	Journal = {Revue G{\'e}n{\'e}rale de Droit International Public},
	Pages = {617--673},
	Title = {Le dol dans la conclusion des trait{\'e}s},
	Ty = {JOUR},
	Volume = {75},
	Year = {1971}}

@book{Oraison:1972aa,
	Address = {Paris},
	Annote = {This is a monograph dedicated to one of the causes provided by the 1969 Vienna Convention that invalidates the consent of a state to conclude a treaty and leads to the invalidation of the treaty. This is a very complete work on error in the Law of Treaties, and it is well-structured and easy to read.},
	Author = {Oraison, Andr{\'e}},
	Date-Added = {2020-04-25 23:49:17 -0400},
	Date-Modified = {2020-04-25 23:49:17 -0400},
	Publisher = {Librairie G{\'e}n{\'e}rale de Droit et de Jurisprudence},
	Title = {L'erreur dans les trait{\'e}s},
	Ty = {BOOK},
	Year = {1972}}

@article{Tenekides:1974aa,
	Annote = {Provides an analysis of coercion and its effects on treaties. He first refers to the international norms previous to the 1969 Vienna Convention and then examines articles 51 and 52 of the convention. He also points out some of the developments that occurred up until that time and offers new perspectives on the matter.},
	Author = {Tenekid{\'e}s, Georges},
	Date-Added = {2020-04-25 23:49:17 -0400},
	Date-Modified = {2020-04-25 23:49:17 -0400},
	Journal = {Annuaire Fran{\c c}ais de Droit International},
	Pages = {79--102},
	Title = {Les effets de la contrainte sur les trait{\'e}s {\`a}la lumi{\`e}re de la Convention de Vienne du 23 mai 1969},
	Ty = {JOUR},
	Volume = {20},
	Year = {1974}}

@article{Capotorti:1971aa,
	Annote = {Offers a complete study of the matter immediately after the adoption of the 1969 Vienna Convention. The last chapter is dedicated to the procedure to be followed in order to extinguish or suspend a treaty.},
	Author = {Capotorti, Francesco},
	Date-Added = {2020-04-25 23:49:17 -0400},
	Date-Modified = {2020-04-25 23:49:17 -0400},
	Journal = {Recueil des Cours},
	Pages = {417--588},
	Title = {L'extinction et la suspension des trait{\'e}s},
	Ty = {JOUR},
	Volume = {134},
	Year = {1971}}

@book{Conde:2007aa,
	Address = {Madrid},
	Annote = {The author studies all the types of treaty denunciation provided for (or not provided for) in the 1969 Vienna Convention, examining also the legitimation to denounce, the formal and procedural requirements, as well as the disputes settlement procedures and the effects of the denunciation.},
	Author = {Conde, Elena},
	Date-Added = {2020-04-25 23:49:17 -0400},
	Date-Modified = {2020-04-25 23:49:17 -0400},
	Isbn = {9788479433031},
	Publisher = {Congreso de los Diputados, Monograf{\'\i}as},
	Title = {La denuncia de los tratados: R{\'e}gimen de la Convenci{\'o}n de Viena sobre el Derecho de los Tratados de 1969 y pr{\'a}ctica estatal},
	Ty = {BOOK},
	Year = {2007}}

@book{David:1975aa,
	Address = {New Haven, CT},
	Annote = {This monograph is a legal analysis of the unilateral revocation of treaties. The author criticizes the theories thereof and the regulation entailed in the 1969 Vienna Convention.},
	Author = {David, Arie E. },
	Date-Added = {2020-04-25 23:49:17 -0400},
	Date-Modified = {2020-04-25 23:49:17 -0400},
	Isbn = {9780300017182},
	Publisher = {Yale University Press},
	Title = {The Strategy of Treaty Termination: Lawful Breaches and Retaliations},
	Ty = {BOOK},
	Year = {1975}}

@book{Harastzy:1973aa,
	Address = {Budapest},
	Annote = {A good contribution to the literature of the Law of Treaties, especially focused on critical approaches to the interpretation and termination of treaties.},
	Author = {Harastzy, Gyorgy},
	Date-Added = {2020-04-25 23:49:17 -0400},
	Date-Modified = {2020-04-25 23:49:17 -0400},
	Publisher = {Akademiai Kiado},
	Title = {Some Fundamental Problems of the Law of Treaties},
	Ty = {BOOK},
	Year = {1973}}

@article{Huesa:2007aa,
	Annote = {Examines the clauses of suspension included in certain treaties, as well as the rules of the Vienna Convention, pointing out their vicarious condition with respect to termination rules. But the article explains the suspension as a response to noncompliance and, finally, as a measure provided in the law of international organizations.},
	Author = {Huesa, Rosario},
	Date-Added = {2020-04-25 23:49:17 -0400},
	Date-Modified = {2020-04-25 23:49:17 -0400},
	Journal = {Cursos Euromediterr{\'a}neos Bancaja de Derecho Internacional},
	Number = {12},
	Pages = {757--881},
	Title = {La suspensi{\'o}n unilateral de los tratados internacionales: El marco normativo},
	Ty = {JOUR},
	Volume = {11},
	Year = {2007}}

@book{Kontou:1994ac,
	Address = {Oxford},
	Annote = {Offers a detailed analysis of the tension between treaty obligations and customary norms and how the latter can abrogate the obligations of prior treaties. In that case, the author maintains, the state has a right to renegotiate the treaty.},
	Author = {Kontou, Nancy},
	Date-Added = {2020-04-25 23:49:17 -0400},
	Date-Modified = {2020-04-25 23:49:17 -0400},
	Isbn = {9780198258421},
	Publisher = {Oxford University Press},
	Title = {The Termination and Revision of Treaties in the Light of New Customary International Law},
	Ty = {BOOK},
	Year = {1994}}

@article{McNair:1928aa,
	Annote = {Presents a comprehensive analysis of the different causes of termination---even the effects of war on treaties---and dissolution. Since it is pre--Vienna Convention, this is of historical significance.},
	Author = {McNair, Arnold D. },
	Date-Added = {2020-04-25 23:49:17 -0400},
	Date-Modified = {2020-04-25 23:49:17 -0400},
	Journal = {Recueil des Cours},
	Pages = {463--490},
	Title = {La terminaison et la dissolution des trait{\'e}s},
	Ty = {JOUR},
	Volume = {22},
	Year = {1928}}

@article{Rosenne:1967aa,
	Annote = {This extensive report, discussed with other members of the institute, presents a critical review of the International Law Commission work on the codification of the Law of Treaties with the aim of providing some ideas before its final draft.},
	Author = {Rosenne, Shabtai},
	Date-Added = {2020-04-25 23:49:17 -0400},
	Date-Modified = {2020-04-25 23:49:17 -0400},
	Journal = {Annuaire de l'Institut de Droit International},
	Pages = {5--400},
	Title = {Modification et terminaison des trait{\'e}s collectifs},
	Ty = {JOUR},
	Volume = {1},
	Year = {1967}}

@book{Ziccardi-Capaldo:1983ab,
	Address = {Naples},
	Annote = {Deals with a question that has been scarcely served by doctrine, namely, the competence to denounce treaties from a constitutional point of view. After a theoretical overview, the author presents a comparative approach to the different constitutional systems of Western countries and addresses the distribution of powers between the government and parliament.},
	Author = {Ziccardi Capaldo, Giuliana},
	Date-Added = {2020-04-25 23:49:17 -0400},
	Date-Modified = {2020-04-25 23:49:17 -0400},
	Publisher = {Edizioni Scientifiche Italiane},
	Title = {La competenza a denunciare i trattati internazionali. Contributo allo studio del treaty power},
	Ty = {BOOK},
	Year = {1983}}

@article{Briggs:1974aa,
	Annote = {Focuses on the provision of the 1969 Vienna Convention regulating the possibility of unilateral denunciation, considering the pronouncements of the International Court of Justice on that particular issue, such as the Namibia, ICAO Council, and Iceland Fisheries cases.},
	Author = {Briggs, Herbert W. },
	Date-Added = {2020-04-25 23:49:17 -0400},
	Date-Modified = {2020-04-25 23:49:17 -0400},
	Journal = {American Journal of International Law},
	Pages = {51--68},
	Title = {Unilateral Denunciation of Treaties: The Vienna Convention and the International Court of Justice},
	Ty = {JOUR},
	Volume = {68},
	Year = {1974}}

@article{Widdows:1982aa,
	Annote = {Deals with unilateral denunciation in cases where the treaties do not foresee this possibility, which is still a controversial situation. Widdows writes with a clear and didactic style on the Vienna Convention provision, as well as on the works of the ILC, the doctrinal contributions, and the practice.},
	Author = {Widdows, Kelvin},
	Date-Added = {2020-04-25 23:49:17 -0400},
	Date-Modified = {2020-04-25 23:49:17 -0400},
	Journal = {British Yearbook of International Law},
	Pages = {83--114},
	Title = {The Unilateral Denunciation of Treaties Containing no Denunciation Clause},
	Ty = {JOUR},
	Volume = {53},
	Year = {1982}}

@inbook{Cahier:1987aa,
	Address = {Milan},
	Annote = {This contribution reviews the regulation under the 1969 Vienna Convention, referring also to its precedents and international practice.},
	Author = {Cahier, Philippe},
	Booktitle = {Le changement fondamental des circonstances et la convention de Vienne de 1969 sur le droit des trait{\'e}s},
	Date-Added = {2020-04-25 23:49:17 -0400},
	Date-Modified = {2020-04-25 23:49:17 -0400},
	Isbn = {9788814012495},
	Pages = {163--186},
	Publisher = {Giuffr{\'e}},
	Title = {Le Droit International {\`a}l'heure de sa codification: {\'E}tudes en l'honneur de R. Ago},
	Ty = {CHAP},
	Year = {1987}}

@inbook{Gomez-Robledo:1979aa,
	Address = {Madrid},
	Annote = {An interesting study of the rebus sic stantibus clause with a historical approach. It also refers to the doctrinal discussion of the matter and to the regulation in the 1969 Vienna Convention.},
	Author = {G{\'o}mez-Robledo, Antonio},
	Booktitle = {La cl{\'a}usula rebus sic stantibus (Estudio historico-jur{\'\i}dico)},
	Date-Added = {2020-04-25 23:49:17 -0400},
	Date-Modified = {2020-04-25 23:49:17 -0400},
	Isbn = {9788430908059},
	Pages = {99--121},
	Publisher = {Tecnos},
	Title = {Estudios de Derecho Internacional: Homenaje al Profesor Miaja de la Muela},
	Ty = {CHAP},
	Year = {1979}}

@article{Haraszty:1975aa,
	Annote = {Presents a comprehensive treatment of the clause rebus sic stantibus. Haraszty refers to its historical formation, legal nature, application in diplomatic and judicial practice, and legal effects. He also addresses the procedure to follow when invoking this clause.},
	Author = {Haraszty, Gyorgy},
	Date-Added = {2020-04-25 23:49:17 -0400},
	Date-Modified = {2020-04-25 23:49:17 -0400},
	Journal = {Recueil des Cours},
	Pages = {1--93},
	Title = {Treaties and the Fundamental Change of Circumstances},
	Ty = {JOUR},
	Volume = {146},
	Year = {1975}}

@article{Lissitzyn:1967aa,
	Annote = {Comments on the ILC 1966 draft articles on treaty law. Also includes research on the doctrinal contributions and the state practice thereof. It retains some historical interest.},
	Author = {Lissitzyn, Oliver J. },
	Date-Added = {2020-04-25 23:49:17 -0400},
	Date-Modified = {2020-04-25 23:49:17 -0400},
	Journal = {American Journal of International Law},
	Pages = {895--922},
	Title = {Treaties and Changed Circumstances (`rebus sic stantibus')},
	Ty = {JOUR},
	Volume = {61},
	Year = {1967}}

@article{Schwelb:1969aa,
	Annote = {Focuses on the ILC 1966 draft articles on treaty law, referring to state practice and doctrinal commentaries in order to clarify the notion of this cause of treaty termination and the conditions for its application.},
	Author = {Schwelb, Egon},
	Date-Added = {2020-04-25 23:49:17 -0400},
	Date-Modified = {2020-04-25 23:49:17 -0400},
	Journal = {Zeitschrift f{\"u}r auslandisches {\"o}ffentliches Recht und V{\"o}lkerrecht},
	Pages = {39--70},
	Title = {Fundamental Change of Circumstances: Notes on Article 59 of the Draft Convention on the Law of Treaties},
	Ty = {JOUR},
	Year = {1969}}

@book{Sico:1983aa,
	Address = {Padua, Italy},
	Annote = {This monograph follows a chronological approach, because it examines the rebus sic stantibus clause before World War I, during the period between wars, after World War II, and finally, up to the 1980s. The author draws attention to the different doctrinal contributions and real practice.},
	Author = {Sico, Luigi},
	Date-Added = {2020-04-25 23:49:17 -0400},
	Date-Modified = {2020-04-25 23:49:17 -0400},
	Publisher = {CEDAM},
	Title = {Gli effetti del mutamento delle circostanze sui trattati internazionali},
	Ty = {BOOK},
	Year = {1983}}

@inbook{Barile:1987aa,
	Address = {Milan},
	Annote = {The author examines the nature, history, application, and limits of Article 60.5 of the 1969 Vienna Convention and explores the existing norms of general international law as they pertain to the topic. He observes the tendency of the humanitarian rules to become peremptory norms of general international law.},
	Author = {Barile, Giuseppe},
	Booktitle = {The Protection of Human Rights in Article 60, Paragraph 5 of the Vienna Convention on the Law of Treaties},
	Date-Added = {2020-04-25 23:49:17 -0400},
	Date-Modified = {2020-04-25 23:49:17 -0400},
	Isbn = {9788814012495},
	Pages = {3--14},
	Publisher = {Giuffr{\'e}},
	Title = {Le Droit International {\`a}l'heure de sa codification: {\'E}tudes en l'honneur de R. Ago},
	Ty = {CHAP},
	Year = {1987}}

@article{Crawford:2001aa,
	Annote = {Provides a very interesting treatment of a difficult topic that has not been given much attention in international legal literature.},
	Author = {Crawford, James and Olleson, Simon},
	Date-Added = {2020-04-25 23:49:17 -0400},
	Date-Modified = {2020-04-25 23:49:17 -0400},
	Journal = {Australian Yearbook of International Law},
	Pages = {35--56},
	Title = {The Exception of Non-Performance: Links between the Law of Treaties and the Law of State Responsibility},
	Ty = {JOUR},
	Volume = {21},
	Year = {2001}}

@book{Gomaa:1996aa,
	Address = {The Hague},
	Annote = {Deals with the origin and development of the concept of material breach as a cause to suspend or terminate a treaty.},
	Author = {Gomaa, Mohammed M. },
	Date-Added = {2020-04-25 23:49:17 -0400},
	Date-Modified = {2020-04-25 23:49:17 -0400},
	Isbn = {9789041102263},
	Publisher = {Martinus Nijhoff},
	Title = {Suspension or Termination of Treaties on Grounds of Breach},
	Ty = {BOOK},
	Year = {1996}}

@book{Laly-Chevalier:2005aa,
	Address = {Brussels},
	Annote = {Deals with the complicated issue of treaty violation, which is regulated by the 1969 Vienna Convention and by international responsibility customary norms. Laly-Chevalier sheds some light on the configuration of treaty violation and its consequences.},
	Author = {Laly-Chevalier, Caroline},
	Date-Added = {2020-04-25 23:49:17 -0400},
	Date-Modified = {2020-04-25 23:49:17 -0400},
	Isbn = {9782802719441},
	Publisher = {Bruylant},
	Title = {La violation du trait{\'e}},
	Ty = {BOOK},
	Year = {2005}}

@book{Mazzeschi:1984aa,
	Address = {Milan},
	Annote = {The author takes a chronological approach, referring to the solutions before and after the 1969 Vienna Convention. He also includes a study on the codification works on state responsibility and the sanctions provided by international organizations for illegal acts of their members, inter alia.},
	Author = {Mazzeschi, Riccardo},
	Date-Added = {2020-04-25 23:49:17 -0400},
	Date-Modified = {2020-04-25 23:49:17 -0400},
	Isbn = {9788814002458},
	Publisher = {Giuffr{\'e}},
	Title = {Risoluzione e sospensione dei trattati per inadempimiento},
	Ty = {BOOK},
	Year = {1984}}

@book{Rosenne:1985aa,
	Address = {Cambridge, UK},
	Annote = {The author tries to clarify the notion of ``breach of treaty''and its impact on the 1969 Vienna Convention and on the codification of state responsibility by the ILC. He considers that the convention's approach disregards the general diplomatic experience. Updated version in the author's Developments in the Law of Treaties (see Rosenne 1989General Overviews).},
	Author = {Rosenne, Shabtai},
	Date-Added = {2020-04-25 23:49:17 -0400},
	Date-Modified = {2020-04-25 23:49:17 -0400},
	Isbn = {9780906496367},
	Publisher = {Grotius},
	Title = {Breach of Treaty},
	Ty = {BOOK},
	Year = {1985}}

@article{Simma:1970aa,
	Annote = {Often quoted, this study considers the inadimplenti non est adimplendum rule in Article 60 of Vienna Convention and highlights paragraph 5 which excludes humanitarian provisions from its jurisdiction. This rule must be distinguished from the coercive measures operating in the field of international responsibility.},
	Author = {Simma, Bruno},
	Date-Added = {2020-04-25 23:49:17 -0400},
	Date-Modified = {2020-04-25 23:49:17 -0400},
	Journal = {{\"O}sterreichische Zeitschrift f{\"u}r {\"o}ffentliches Recht},
	Pages = {5--83},
	Title = {Reflections on Article 60 of the Vienna Convention on the Law of Treaties and Its Background in General International Law},
	Ty = {JOUR},
	Volume = {20},
	Year = {1970}}

@article{Broms:1985aa,
	Annote = {In his reports to the Institute of International Law (IIL), the author deals with the clarification of the terms armed conflicts and treaties, as well as the major international principles and state practice. This article also includes a proposal of resolution and the comments of other IIL members.},
	Author = {Broms, Bengt},
	Date-Added = {2020-04-25 23:49:17 -0400},
	Date-Modified = {2020-04-25 23:49:17 -0400},
	Journal = {Annuaire de l'Institut de Droit International},
	Pages = {199--284},
	Title = {The Effects of Armed Conflict on Treaties},
	Ty = {JOUR},
	Volume = {2},
	Year = {1985}}

@book{Curti-Gialdino:1959aa,
	Address = {Milan},
	Annote = {The author studies the legal effects of armed conflict on treaties. For this purpose he divides the book into three chapters: the first is dedicated to reviewing the doctrinal contributions, the second explores the practice from a chronological point of view, and the third considers the legal regulation at that time.},
	Author = {Curti Gialdino, A. },
	Date-Added = {2020-04-25 23:49:17 -0400},
	Date-Modified = {2020-04-25 23:49:17 -0400},
	Publisher = {Giuffr{\'e}},
	Title = {Gli effetti della guerra sui trattati},
	Ty = {BOOK},
	Year = {1959}}

@article{McNair:1937aa,
	Annote = {These lectures address the influence of war on treaties on different subjects, as those that regulate the conducting of hostilities, or those concerning territorial rights, commerce, and intellectual property or of a purely political content. The author analyzes the effects, distinguishing between the parties at war and third states.},
	Author = {McNair, Arnold D. },
	Date-Added = {2020-04-25 23:49:17 -0400},
	Date-Modified = {2020-04-25 23:49:17 -0400},
	Journal = {Recueil des Cours},
	Pages = {523--585},
	Title = {Les effets de la guerre sur les traits},
	Ty = {JOUR},
	Volume = {59},
	Year = {1937}}

@article{Santos-Vara:2006aa,
	Annote = {Noting the uncertainty about applicable rules, this article takes into account the previous work of the ILL and critically considers the ongoing work of the ILC.},
	Author = {Santos Vara, Juan},
	Date-Added = {2020-04-25 23:49:17 -0400},
	Date-Modified = {2020-04-25 23:49:17 -0400},
	Journal = {Revista Espa{\~n}ola de Derecho Internacional},
	Number = {1},
	Pages = {147--173},
	Title = {El efecto de los conflictos armadas en los tratados},
	Ty = {JOUR},
	Volume = {58},
	Year = {2006}}

@article{Caflish:1992aa,
	Annote = {Only the most extreme cases of unequal treaties are the object of severe, although legally ineffective, denunciation.},
	Author = {Caflish, Lucius},
	Date-Added = {2020-04-25 23:49:17 -0400},
	Date-Modified = {2020-04-25 23:49:17 -0400},
	Journal = {German Yearbook of International Law},
	Pages = {52--80},
	Title = {Unequal Treaties},
	Ty = {JOUR},
	Volume = {35},
	Year = {1992}}

@article{Craven:2005aa,
	Annote = {In this article the author shows that the phenomenon of unequal treaties is not an issue so ``evaporated''from the domain of international law as certain people contend.},
	Author = {Craven, Matthew},
	Date-Added = {2020-04-25 23:49:17 -0400},
	Date-Modified = {2020-04-25 23:49:17 -0400},
	Journal = {Nordic Journal of International Law},
	Pages = {335--382},
	Title = {What Happened to Unequal Treaties?},
	Ty = {JOUR},
	Volume = {74},
	Year = {2005}}

@article{Detter:1966aa,
	Annote = {The author refers to the concept of unequal treaties and the discussions on equality within the General Assembly or other international conferences. She also examines situations such as China's dilemma or the extraterritorial rights in Morocco. The article reflects on the international validity of unequal treaties, and it ends with some suggestions on what the laws ought to be.},
	Author = {Detter, Ingrid},
	Date-Added = {2020-04-25 23:49:17 -0400},
	Date-Modified = {2020-04-25 23:49:17 -0400},
	Journal = {International and Comparative Law Quarterly},
	Pages = {1069},
	Title = {The Problem of Unequal Treaties},
	Ty = {JOUR},
	Volume = {15},
	Year = {1966}}

@book{Gilbert:1976aa,
	Address = {Arlington, VA},
	Annote = {Focuses on the Chinese experience. The author also refers to the elaboration of the treaties and the impact of nationalism on treaties. Originally published in 1929 (London: J. Murray.},
	Author = {Gilbert, Rodney},
	Date-Added = {2020-04-25 23:49:17 -0400},
	Date-Modified = {2020-04-25 23:49:17 -0400},
	Isbn = {9780890930755},
	Publisher = {University Publications of America},
	Title = {The Unequal Treaties: China and the Foreigner},
	Ty = {BOOK},
	Year = {1976}}

@book{Wang:2008aa,
	Address = {Lanham, MD},
	Annote = {Analyzes the case of unequal treaties in China from a historical perspective. The author covers the era of Imperial China, the Beijing Government from 1912 to 1928, and the period from 1928 to 1947. Also dedicates a chapter to the paradox of equality and inequality.},
	Author = {Wang, Dong},
	Date-Added = {2020-04-25 23:49:17 -0400},
	Date-Modified = {2020-04-25 23:49:17 -0400},
	Isbn = {9780739128060},
	Publisher = {Lexington Books},
	Title = {China's Unequal Treaties: Narrating National History},
	Ty = {BOOK},
	Year = {2008}}

@article{Barberis:1970aa,
	Annote = {Addresses the notion of ius cogens and its limits in the broader framework of the sources of international law. In this context it deals with the restrictions that imperative norms impose on the right of states to conclude treaties.},
	Author = {Barberis, Julio},
	Date-Added = {2020-04-25 23:49:17 -0400},
	Date-Modified = {2020-04-25 23:49:17 -0400},
	Journal = {Zeitschrift f{\"u}r auslandisches {\"o}ffentliches Recht und V{\"o}lkerrecht},
	Pages = {19--45},
	Title = {La libert{\'e}de traiter des {\'E}tats et le `ius cogens.'},
	Ty = {JOUR},
	Year = {1970}}

@article{Gaja:1981aa,
	Annote = {Deals with the provisions of the 1969 Vienna Convention, giving a tentative definition of the concept of ius cogens after presenting a brief classification of international obligations, referring to its impact on the validity of treaties, as well as the judicial remedies provided for by the convention.},
	Author = {Gaja, Giorgio},
	Date-Added = {2020-04-25 23:49:17 -0400},
	Date-Modified = {2020-04-25 23:49:17 -0400},
	Journal = {Recueil des Cours},
	Pages = {271--316},
	Title = {Ius Cogens beyond the Vienna Convention},
	Ty = {JOUR},
	Volume = {172},
	Year = {1981}}

@book{Hannikainen:1988aa,
	Address = {Helsinki},
	Annote = {This is a complete presentation of the historic development of ius cogens and its crystallization in the Vienna Convention, which is followed by the study of the preconditions of its existence and a capability of the international community to react to its violation; also there is a proposal of a five-category classification of present peremptory norms. An impressive doctrinal knowledge contrasts with the scant attention paid to state practice.},
	Author = {Hannikainen, Lauri},
	Date-Added = {2020-04-25 23:49:17 -0400},
	Date-Modified = {2020-04-25 23:49:17 -0400},
	Isbn = {9789516403949},
	Publisher = {Finnish Lawyers'Publishing},
	Title = {Peremptory Norms (Ius Cogens) in International Law: Historical Development, Criteria, Present Status},
	Ty = {BOOK},
	Year = {1988}}

@book{Orakhelashvili:2006aa,
	Address = {Oxford},
	Annote = {A comprehensive study on the legal consequences of breaches of ius cogens, considered as a system, not as a static concept. Once again the author's purpose is to fill an important gap in demonstrating that the hierarchical superiority of peremptory norms becomes more relevant after a specific peremptory norm is breached.},
	Author = {Orakhelashvili, Alexander},
	Date-Added = {2020-04-25 23:49:17 -0400},
	Date-Modified = {2020-04-25 23:49:17 -0400},
	Isbn = {9780199295968},
	Publisher = {Oxford University Press},
	Title = {Peremptory Norms in International Law},
	Ty = {BOOK},
	Year = {2006}}

@book{Rozakis:1976aa,
	Address = {Amsterdam},
	Annote = {The author approves, in general, the ``double consent''test for the identification of ius cogens provided in Article 53 of the Vienna Convention. He is more critical on the procedural norms (articles 65 and 66) of the convention, which are considered weak, especially on the realization of the sanction of invalidity.},
	Author = {Rozakis, Christos L. },
	Date-Added = {2020-04-25 23:49:17 -0400},
	Date-Modified = {2020-04-25 23:49:17 -0400},
	Publisher = {North-Holland},
	Title = {The Concept of ``Ius Cogens''in the Law of Treaties},
	Ty = {BOOK},
	Year = {1976}}

@article{Scheuner:1967aa,
	Annote = {This article comments on articles 50, 61, and 67 of the International Law Commission 1966 draft articles.},
	Author = {Scheuner, Ulrich},
	Date-Added = {2020-04-25 23:49:17 -0400},
	Date-Modified = {2020-04-25 23:49:17 -0400},
	Journal = {Zeitschrift f{\"u}r auslandisches {\"o}ffentliches Recht und V{\"o}lkerrecht},
	Pages = {520--532},
	Title = {Conflict of Treaty Provisions with a Peremptory Norm of General International Law and Its Consequences},
	Ty = {JOUR},
	Url = {http://www.zaoerv.de/27_1967/27_1967_3_c_520_532.pdf},
	Volume = {27},
	Year = {1967},
	Bdsk-Url-1 = {http://www.zaoerv.de/27_1967/27_1967_3_c_520_532.pdf}}

@book{Sztucki:1974aa,
	Address = {New York},
	Annote = {Considers the concept and nature of ius cogens and its relationship with the 1969 Vienna Convention. Analyzes national and international case law, state practice, and scholars'teachings and includes a comprehensive bibliography.},
	Author = {Sztucki, Jerzy},
	Date-Added = {2020-04-25 23:49:17 -0400},
	Date-Modified = {2020-04-25 23:49:17 -0400},
	Isbn = {9780387812472},
	Publisher = {Verlag},
	Title = {Ius Cogens and the Vienna Convention on the Law of Treaties: A Critical Appraisal},
	Ty = {BOOK},
	Year = {1974}}

@book{Crawford:2012aa,
	Address = {Oxford},
	Annote = {A comprehensive overview, this chapter rejects the theoretical models, advocating instead a pluralist view of relations between international and national law. It provides an excellent introduction to international law's approaches to national law, as well as international law in common law and civil law traditions.},
	Author = {Crawford, James},
	Date-Added = {2020-04-25 22:41:28 -0400},
	Date-Modified = {2020-04-25 22:41:28 -0400},
	Isbn = {9780199699698},
	Publisher = {Oxford University Press},
	Title = {Brownlie's Principles of Public International Law},
	Ty = {BOOK},
	Year = {2012}}

@inbook{Denza:2006aa,
	Address = {Oxford},
	Annote = {A good example of the modern approach to monism and dualism. Denza positions the theories as lacking useful explanatory power and focuses instead on specific questions about the relationship between international and national law. These include: ``Is International Rule Directly Applicable and Directly Effective?''and ``Can a Treaty Prevail over a National Constitutional Norm?''Accessible and practically oriented.},
	Author = {Denza, Eileen},
	Booktitle = {The Relationship between International and National Law},
	Date-Added = {2020-04-25 22:41:28 -0400},
	Date-Modified = {2020-04-25 22:41:28 -0400},
	Pages = {412--440},
	Publisher = {Oxford University Press},
	Title = {International Law},
	Ty = {CHAP},
	Year = {2006}}

@inbook{Ferrari-Bravo:1983aa,
	Address = {Dordrecht, The Netherlands},
	Annote = {An analysis of the applicability of the theories of monism and dualism, which the author calls pluralism, to the international problems of his period. Provides specific and useful historical context on the development of the two theories.},
	Author = {Ferrari-Bravo, Luigi},
	Booktitle = {International and Municipal Law: The Complementarity of Legal Systems},
	Date-Added = {2020-04-25 22:41:28 -0400},
	Date-Modified = {2020-04-25 22:41:28 -0400},
	Isbn = {9789024728824},
	Pages = {715--744},
	Publisher = {Martinus Nijhoff},
	Title = {The Structure and Process of International Law},
	Ty = {CHAP},
	Year = {1983}}

@book{Higgins:1994aa,
	Address = {Oxford},
	Annote = {Argues that clashes between international and domestic law in domestic courts are ``substantially conditioned''by whether the relevant state is more monist or dualist in approach. Higgins further counsels of the importance of ``legal culture''to the reception of international law by domestic courts. An excellent introduction to the ways in which the concepts of monism and dualism continue to influence international legal thinking.},
	Author = {Higgins, Rosalyn},
	Date-Added = {2020-04-25 22:41:28 -0400},
	Date-Modified = {2020-04-25 22:41:28 -0400},
	Isbn = {9780198257677},
	Publisher = {Clarendon Press},
	Title = {Problems and Process: International Law and How We Use It},
	Ty = {BOOK},
	Year = {1994}}

@book{Malanczuk:1997aa,
	Address = {London},
	Annote = {Provides an excellent summary and extensive further reading on the rise and fall of the theories of monism and dualism, as well as an overview of the varied approaches of domestic legal systems of different states to international law. Useful and succinct.},
	Author = {Malanczuk, Peter},
	Date-Added = {2020-04-25 22:41:28 -0400},
	Date-Modified = {2020-04-25 22:41:28 -0400},
	Isbn = {9780415111201},
	Publisher = {Routledge},
	Title = {Akehurst's Modern Introduction to International Law},
	Ty = {BOOK},
	Year = {1997}}

@book{OConnell:1970aa,
	Address = {London},
	Annote = {Chapter 2 details four ways in which the relationship between international and national law can be conceptualized: monism, dualism, reverse monism, and harmonization. A classic treatment of the concepts.},
	Author = {O'Connell, D. P.},
	Date-Added = {2020-04-25 22:41:28 -0400},
	Date-Modified = {2020-04-25 22:41:28 -0400},
	Publisher = {Stevens \& Sons},
	Title = {International Law},
	Ty = {BOOK},
	Volume = {1},
	Year = {1970}}

@book{Anzilotti:1928aa,
	Address = {Rome},
	Annote = {Anzilotti argued that the international and national legal systems were separate; they were created by different entities and governed different sets of relations. Norms of one system could only apply within that system and had no effect on the other system. Anzilotti's Lectures on International Law have not been translated into English, but have been translated into other European languages and Japanese.},
	Author = {Anzilotti, Dionisio},
	Date-Added = {2020-04-25 22:41:28 -0400},
	Date-Modified = {2020-04-25 22:41:28 -0400},
	Publisher = {Athenaeum},
	Title = {Corso di diritto internazionale},
	Ty = {BOOK},
	Year = {1928}}

@inbook{Arangio-Ruiz:2007aa,
	Address = {Oxford},
	Annote = {Arangio-Ruiz passionately defends his own theory of dualism, developed from the Italian school of Triepel 1923 and Anzilotti 1928.},
	Author = {Arangio-Ruiz, Gaetano},
	Booktitle = {International Law and Interindividual Law},
	Date-Added = {2020-04-25 22:41:28 -0400},
	Date-Modified = {2020-04-25 22:41:28 -0400},
	Isbn = {9780199231942},
	Pages = {15--51},
	Publisher = {Oxford University Press},
	Title = {New Perspectives on the Divide between National and International Law},
	Ty = {CHAP},
	Year = {2007}}

@inbook{Bonafe:2014aa,
	Address = {Cambridge, UK},
	Annote = {A defense of the continuing relevance of the theories of monism and dualism as a way to determine if the application of international law by domestic courts is normatively ``correct,''and as a way to understand reactions to cases where judges apply international law in a manner that is inconsistent with the overarching monist or dualist frame of the state's legal system.},
	Author = {Bonafe, Beatrice I.},
	Booktitle = {International Law in Domestic and Supranational Settings},
	Date-Added = {2020-04-25 22:41:28 -0400},
	Date-Modified = {2020-04-25 22:41:28 -0400},
	Isbn = {9781139094245},
	Pages = {378--400},
	Publisher = {Cambridge University Press},
	Title = {International Legal Positivism in a Post-Modern World},
	Ty = {CHAP},
	Year = {2014}}

@article{Gaja:1992aa,
	Annote = {In the absence of English translations of Anzilotti's work, Gaja provides an overview of Anzilotti's writing in relation to positivism and dualism in international law. A helpful English-language source.},
	Author = {Gaja, Giorgio},
	Date-Added = {2020-04-25 22:41:28 -0400},
	Date-Modified = {2020-04-25 22:41:28 -0400},
	Journal = {European Journal of International Law},
	Pages = {123--138},
	Title = {Positivism and Dualism in Dionisio Anzilotti},
	Ty = {JOUR},
	Volume = {3},
	Year = {1992}}

@inbook{Gaja:2007aa,
	Address = {Oxford},
	Annote = {An explicit riposte to the Italian dualists, in particular Arangio-Ruiz 2007. Critiques a series of dualist claims, including that international and national laws have different legal addressees, that dualism and voluntarism are inextricably linked, and that national courts apply international law only according to a national law stipulating the terms of that engagement.},
	Author = {Gaja, Giorgio},
	Booktitle = {Dualism: A Review},
	Date-Added = {2020-04-25 22:41:28 -0400},
	Date-Modified = {2020-04-25 22:41:28 -0400},
	Isbn = {9780199231942},
	Pages = {52--62},
	Publisher = {Oxford University Press},
	Title = {New Perspectives on the Divide between National and International Law},
	Ty = {CHAP},
	Year = {2007}}

@book{Kelsen:1966aa,
	Address = {New York},
	Annote = {Originally published in 1952. One of the key proponents of monism, Kelsen argued that both international law and national law are part of a single universal legal order. International legal norms are implemented by national law, while at the same time establishing territorial, personal, and temporal spheres of validity that allowed national legal orders to coexist. See pp. 551--588. See also Hans Kelsen, Principles of International Law (New York: Rinehart and Co, 1952), pp. 401--447.},
	Author = {Kelsen, Hans},
	Date-Added = {2020-04-25 22:41:28 -0400},
	Date-Modified = {2020-04-25 22:41:28 -0400},
	Publisher = {Holt, Rinehart and Winston},
	Title = {Principles of International Law},
	Ty = {BOOK},
	Year = {1966}}

@book{Lauterpacht:1970aa,
	Address = {Cambridge, UK},
	Annote = {This collection records the shift in Lauterpacht's position from describing the international legal system as exhibiting a ``monism qualified by dualistic exceptions and traditions''(in 1937) to considering the monism-dualism debate ``unreal''and having ``no practical consequence''(in 1954). Both chapters (pp. 151--178, 213--230) use examples from the United Kingdom, the United States, and Europe and are comprehensively referenced and carefully argued.},
	Author = {Lauterpacht, Hersh},
	Date-Added = {2020-04-25 22:41:28 -0400},
	Date-Modified = {2020-04-25 22:41:28 -0400},
	Publisher = {Cambridge University Press},
	Title = {International Law: Being the Collected Papers of Hersh Lauterpacht. Vol. 1, The General Works},
	Ty = {BOOK},
	Year = {1970}}

@article{Starke:1936aa,
	Annote = {In this comprehensive overview of origins of the theories of monism and dualism, Starke critiques the dualist theories of Triepel and Anzilotti, and expresses support for the monism of Kelsen. A useful introduction to the theoretical debates on monism and dualism by a contemporary of the major theorists.},
	Author = {Starke, J. G.},
	Date-Added = {2020-04-25 22:41:28 -0400},
	Date-Modified = {2020-04-25 22:41:28 -0400},
	Journal = {British Yearbook of International Law},
	Pages = {66--81},
	Title = {Monism and Dualism in the Theory of International Law},
	Ty = {JOUR},
	Volume = {17},
	Year = {1936}}

@article{Triepel:1923aa,
	Annote = {Triepel conceived of the international and domestic orders as independent of each other. Domestic law was the result of the will of individual states, while international law arose from the ``common will''of states. International law was thus a weaker law than domestic law. There are no English-language translations of this work.},
	Author = {Triepel, Heinrich},
	Date-Added = {2020-04-25 22:41:28 -0400},
	Date-Modified = {2020-04-25 22:41:28 -0400},
	Journal = {Collected Courses of the Hague Academy of International Law},
	Pages = {73--121},
	Title = {Les rapports entre le droit interne et le droit international},
	Ty = {JOUR},
	Volume = {1},
	Year = {1923}}

@article{Borchard:1940aa,
	Annote = {While he did not formulate his own theoretical intervention, Borchard critiqued both monism and dualism on the basis that neither captured how international law and national law interact in practice. Significant as an example of the scope of the debates over monism and dualism from a contemporary of many of the original theorists.},
	Author = {Borchard, Edwin},
	Date-Added = {2020-04-25 22:41:28 -0400},
	Date-Modified = {2020-04-25 22:41:28 -0400},
	Journal = {Virginia Law Review},
	Pages = {137--148},
	Title = {The Relation between International Law and Municipal Law},
	Ty = {JOUR},
	Volume = {27},
	Year = {1940}}

@inbook{Cassese:2012aa,
	Address = {Oxford},
	Annote = {Cassese's primary concern is for the international legal system to develop mechanisms under which states can be required to change national legislation in order to make it consistent with international obligations. This, he argues, would manifest a ``moderate monism''(contra the ``extreme legal monism''of Kelsen 1966, cited under the Development of the Theories of Monism and Dualism), and could be initially implemented via regional mechanisms.},
	Author = {Cassese, Antonio},
	Booktitle = {Towards a Moderate Monism: Could International Rules Eventually Acquire the Force to Invalidate Inconsistent National Laws},
	Date-Added = {2020-04-25 22:41:28 -0400},
	Date-Modified = {2020-04-25 22:41:28 -0400},
	Isbn = {9780199691661},
	Pages = {187--199},
	Publisher = {Oxford University Press},
	Title = {Realizing Utopia: The Future of International Law},
	Ty = {CHAP},
	Year = {2012}}

@article{Fitzmaurice:1957aa,
	Annote = {Promoting what has sometimes been characterized as a ``third way,''Fitzmaurice rejected both dualism and monism as ``barren''because they wrongly presupposed a ``common field''for international and national law. Instead, the two laws were separate. Any conflict between them was a question of inconsistent obligations, not of overlapping fields. A state that chose to obey national over international laws was simply in breach of the laws on the international plane.},
	Author = {Fitzmaurice, Gerald},
	Date-Added = {2020-04-25 22:41:28 -0400},
	Date-Modified = {2020-04-25 22:41:28 -0400},
	Journal = {Collected Courses of the Hague Academy of International Law},
	Pages = {68--85},
	Title = {The General Principles of International Law Considered from the Standpoint of the Rule of Law},
	Ty = {JOUR},
	Volume = {92},
	Year = {1957}}

@book{Heiskanen:1992aa,
	Address = {Helsinki},
	Annote = {Argues that the theories were practically inconsequential until co-opted by a style of international legal pragmatism that tied them to the question of how international law works in practice. In the pragmatist view, monism and dualism are flawed because they fail to reflect the reality of legal practice. Includes a dense and detailed account of the history of monism and dualism.},
	Author = {Heiskanen, Veijo},
	Date-Added = {2020-04-25 22:41:28 -0400},
	Date-Modified = {2020-04-25 22:41:28 -0400},
	Isbn = {9789516406230},
	Publisher = {Finnish Lawyers Publishing},
	Title = {International Legal Topics},
	Ty = {BOOK},
	Year = {1992}}

@article{Owada:2015aa,
	Annote = {Observations of an International Court of Justice (ICJ) judge on three areas in which difficulties of the integration of international law into domestic legal orders is acute: incorporation of treaties, giving effect to Security Council resolutions, and implementing the decisions of international courts. Argues that theorizing about monism and dualism cannot resolve these problems, and that states must strive to respect the ``public order of the global community''more than they have to date.},
	Author = {Owada, Hisashi},
	Date-Added = {2020-04-25 22:41:28 -0400},
	Date-Modified = {2020-04-25 22:41:28 -0400},
	Journal = {Asian Journal of International Law},
	Pages = {246--278},
	Title = {Problems of Interaction between the International and Domestic Legal Orders},
	Ty = {JOUR},
	Volume = {5},
	Year = {2015}}

@article{Waters:2007aa,
	Annote = {In an adaptation of monism to describe patterns of modern judicial decision-making, Waters develops a theory of ``creeping monism.''This, she argues, arises from the increasing tendency of common law judges to give direct effect to human rights standards in their ostensibly ``dualist''systems, despite the absence of national legislation implementing those standards.},
	Author = {Waters, Melissa A.},
	Date-Added = {2020-04-25 22:41:28 -0400},
	Date-Modified = {2020-04-25 22:41:28 -0400},
	Journal = {Columbia Law Review},
	Pages = {628--705},
	Title = {Creeping Monism: The Judicial Trend toward Interpretive Incorporation of Human Rights Treaties},
	Ty = {JOUR},
	Volume = {107},
	Year = {2007}}

@article{Charlesworth:2003aa,
	Annote = {An overview of the different attitudes toward and relationships with international law among the three arms of Australian government: the executive, legislature, and judiciary. Distinctive in its analysis of the importance of executive and legislative decision-makers in determining how international law is incorporated into domestic law.},
	Author = {Charlesworth, Hilary and Chiam, Madelaine and Hovell, Devika and Williams, George},
	Date-Added = {2020-04-25 22:41:28 -0400},
	Date-Modified = {2020-04-25 22:41:28 -0400},
	Journal = {Sydney Law Review},
	Pages = {424--465},
	Title = {Deep Anxieties: Australia and the International Legal Order},
	Ty = {JOUR},
	Volume = {25},
	Year = {2003}}

@article{Fikfak:2013aa,
	Annote = {An example of the genre of taking monism and dualism as the starting point, but then aiming to ``move beyond''them because they obscure more than they clarify. Useful because it contains studies of approaches to international law in a number of Asian states, many of which are not widely subject to this kind of analysis.},
	Author = {Fikfak, Veronika},
	Date-Added = {2020-04-25 22:41:28 -0400},
	Date-Modified = {2020-04-25 22:41:28 -0400},
	Journal = {Asian Journal of International Law},
	Pages = {271--304},
	Title = {International Law before English and Asian Courts: Finding the Judicial Role in the Separation of Powers},
	Ty = {JOUR},
	Volume = {3},
	Year = {2013}}

@article{Henkin:1989aa,
	Annote = {Henkin describes international law as ``essentially dualist in principle''but moving toward ``monism in practice.''This chapter examines the US system in detail, with some comparisons with the UK and French systems. An example of a consent-based, and largely dualist, view of international law.},
	Author = {Henkin, Louis},
	Date-Added = {2020-04-25 22:41:28 -0400},
	Date-Modified = {2020-04-25 22:41:28 -0400},
	Journal = {Collected Courses of the Hague Academy of International Law},
	Pages = {88--104},
	Title = {International Law and the Inter-State System},
	Ty = {JOUR},
	Volume = {216},
	Year = {1989}}

@article{Maluwa:1998aa,
	Annote = {A survey of the place of international law in African states, with a focus on incorporation via the new constitutions of many states.},
	Author = {Maluwa, Tijanyana},
	Date-Added = {2020-04-25 22:41:28 -0400},
	Date-Modified = {2020-04-25 22:41:28 -0400},
	Journal = {South African Yearbook of International Law},
	Pages = {45--64},
	Title = {Incorporation of International Law and Its Interpretational Role in Municipal Legal Systems in Africa: An Exploratory Survey},
	Ty = {JOUR},
	Volume = {23},
	Year = {1998}}

@article{Okeke:2015aa,
	Annote = {Detailed comparative analysis of international law in the domestic legal systems of Ghana and Nigeria, using an explicit monism-dualism framework.},
	Author = {Okeke, Christian N.},
	Date-Added = {2020-04-25 22:41:28 -0400},
	Date-Modified = {2020-04-25 22:41:28 -0400},
	Journal = {Arizona Journal of International and Comparative Law},
	Pages = {371--430},
	Title = {The Use of International Law in the Domestic Courts of Ghana and Nigeria},
	Ty = {JOUR},
	Volume = {32},
	Year = {2015}}

@inbook{Bonafe:2014ab,
	Address = {Cambridge, UK},
	Annote = {Argues for the continuing relevance of monism and dualism as ways to understand, and assess, the uses of international law in domestic courts. An account that focuses on theorizing the practices of states and examines two principles: direct effect and consistent interpretation of international law in domestic courts.},
	Author = {Bonafe, Beatrice I.},
	Booktitle = {International Law in Domestic and Supranational Settings},
	Date-Added = {2020-04-25 22:41:28 -0400},
	Date-Modified = {2020-04-25 22:41:28 -0400},
	Isbn = {9781139094245},
	Pages = {378--400},
	Publisher = {Cambridge University Press},
	Title = {International Legal Positivism in a Post-Modern World},
	Ty = {CHAP},
	Year = {2014}}

@article{Feldman:1999aa,
	Annote = {Uses a comparative examination of the impact of international human rights law in the UK and South African systems to argue that ostensibly ``dualist''systems can nevertheless give constitutional legitimacy to mechanisms that treat international law as if it were national law by conforming to fundamental rule-of-law principles.},
	Author = {Feldman, David},
	Date-Added = {2020-04-25 22:41:28 -0400},
	Date-Modified = {2020-04-25 22:41:28 -0400},
	Journal = {Australian Yearbook of International Law},
	Pages = {105--126},
	Title = {Monism, Dualism and Constitutional Legitimacy},
	Ty = {JOUR},
	Volume = {20},
	Year = {1999}}

@misc{Kolb:2014aa,
	Annote = {Critiques the Italian Constitutional Court's refusal to apply a decision of the ICJ because it conflicted with fundamental principles of the Italian Constitution. Kolb revisits monism and dualism, characterizing them as attitudes rather than legal theories. He laments an apparent ``high peak of a new form of robust dualism''in Europe, calling instead for continued openness to dialogue between national and international legal systems.},
	Author = {Kolb, Robert},
	Date-Added = {2020-04-25 22:41:28 -0400},
	Date-Modified = {2020-04-25 22:41:28 -0400},
	Journal = {Questions of International Law},
	Title = {The Relationship between the International and the Municipal Legal Order: Reflections on the Decision no 238/2014 of the Italian Constitutional Court},
	Ty = {GEN},
	Url = {http://www.qil-qdi.org/relationship-international-municipal-legal-order-reflections-decision-no-2382014-italian-constitutional-court/},
	Year = {2014-12-16},
	Bdsk-Url-1 = {http://www.qil-qdi.org/relationship-international-municipal-legal-order-reflections-decision-no-2382014-italian-constitutional-court/}}

@book{Nollkaemper:2014aa,
	Address = {Oxford},
	Annote = {Attempts to systematize the ways that national courts use international law, as part of a larger push toward protecting an international rule of law. An example of modern scholarship that displays monist sympathies, describing the relationship between national and international systems as one of ``coordination''rather than dualism.},
	Author = {Nollkaemper, Andre},
	Date-Added = {2020-04-25 22:41:28 -0400},
	Date-Modified = {2020-04-25 22:41:28 -0400},
	Publisher = {Oxford University Press},
	Title = {National Courts and the International Rule of Law},
	Ty = {BOOK},
	Year = {2014}}

@inbook{Van-Alstine:2009aa,
	Address = {Cambridge, UK},
	Annote = {The author develops a category of ``hybrid monist''states and uses distinctions between dualist and hybrid monist states as organizing principles for his analysis of the case studies in the collection. Not a comprehensive theorization, but contains some useful observations about the different ways that domestic courts approach international treaties.},
	Author = {Van Alstine, Michael P.},
	Booktitle = {The Role of Domestic Courts in Treaty Enforcement: Summary and Conclusions},
	Date-Added = {2020-04-25 22:41:28 -0400},
	Date-Modified = {2020-04-25 22:41:28 -0400},
	Isbn = {9780521877305},
	Pages = {555--613},
	Publisher = {Cambridge University Press},
	Title = {The Role of Domestic Courts in Treaty Enforcement: A Comparative Study},
	Ty = {CHAP},
	Year = {2009}}

@article{Waters:2007ab,
	Annote = {An extensive empirical examination of the impact of international human rights law in the courts of Australia, Canada, New Zealand, the United States, and the Privy Council. Argues that common law judges are increasingly giving direct effect to human rights standards in their ostensibly ``dualist''systems, despite the absence of national legislation implementing those standards. Develops a typology of interpretive techniques from these courts and emphasizes the role of transnational judicial dialogue.},
	Author = {Waters, Melissa A.},
	Date-Added = {2020-04-25 22:41:28 -0400},
	Date-Modified = {2020-04-25 22:41:28 -0400},
	Journal = {Columbia Law Review},
	Pages = {628--705},
	Title = {Creeping Monism: The Judicial Trend toward Interpretive Incorporation of Human Rights Treaties},
	Ty = {JOUR},
	Volume = {107},
	Year = {2007}}

@inbook{Cannizzaro:2011aa,
	Address = {Leiden, The Netherlands},
	Annote = {Cannizzaro traces the development of the jurisprudence of the European Court of Justice (ECJ) on the effect of international law in the European order. He argues that the common thread of the ECJ decisions is a conception of international law not as isolated rules but as a legal system that becomes part of European law. This ``neo-monism''allows consideration of the normativity of legal rules, and should not aim for uniform adoption of international law.},
	Author = {Cannizzaro, Enzo},
	Booktitle = {The Neo-Monism of the European Legal Order},
	Date-Added = {2020-04-25 22:41:28 -0400},
	Date-Modified = {2020-04-25 22:41:28 -0400},
	Isbn = {9789004188570},
	Pages = {35--58},
	Publisher = {Brill/Nijhoff},
	Title = {International Law as Law of the European Union},
	Ty = {CHAP},
	Year = {2011}}

@article{Moreno-Lax:2016aa,
	Annote = {In this introduction to a special issue, the authors provide a succinct overview of the complex relations between international law and EU law. Their position is that monism and dualism, while flawed, are consistent and useful starting points for theorizing the international law-EU relationship. The articles in the remainder of the special issue give flesh to the bones of this introduction.},
	Author = {Moreno-Lax, Violeta and Gragl, Paul},
	Date-Added = {2020-04-25 22:41:28 -0400},
	Date-Modified = {2020-04-25 22:41:28 -0400},
	Journal = {Yearbook of European Law},
	Number = {1},
	Pages = {455--470},
	Title = {Beyond Monism, Dualism, Pluralism: The Quest for a (Fully-Fledged) Theoretical Framework: Co-Implication, Embeddedness, and Interdependency between Public International Law and EU Law},
	Ty = {JOUR},
	Volume = {35},
	Year = {2016}}

@inbook{Wessel:2011aa,
	Address = {Leiden, The Netherlands},
	Annote = {A comprehensive analysis of the relevance of monism and dualism to the relationship between international and EU law.},
	Author = {Wessel, Ramses W.},
	Booktitle = {General Issues: Monism, Dualism and the European Legal Order. Reconsidering the Relationship between International and EU Law},
	Date-Added = {2020-04-25 22:41:28 -0400},
	Date-Modified = {2020-04-25 22:41:28 -0400},
	Isbn = {9789004188570},
	Pages = {5--33},
	Publisher = {Brill/Nijhoff},
	Title = {International Law as Law of the European Union},
	Ty = {CHAP},
	Year = {2011}}

@inbook{Ziegler:2016aa,
	Address = {Hoboken, NJ},
	Annote = {An overview of the factors that influence the relationship between international law and EU law. Also introduces the pluralist and constitutionalist approaches that have become the preferred methods to theorizing that relationship.},
	Author = {Ziegler, Katja S.},
	Booktitle = {The Relationship between EU Law and International Law},
	Date-Added = {2020-04-25 22:41:28 -0400},
	Date-Modified = {2020-04-25 22:41:28 -0400},
	Isbn = {9780470674390},
	Pages = {42--61},
	Publisher = {John Wiley \& Sons},
	Title = {A Companion to European Union Law and International Law},
	Ty = {CHAP},
	Year = {2016}}

@article{Burca:2010aa,
	Annote = {Through an analysis of the decision in Kadi, which she describes as ``radically dualist,''de B{\'u}rca sets out comprehensively the main strands of pluralism and constitutionalism as ways to understand the relationship between international law and EU law (and, thus, also municipal law), while arguing herself for a ``soft constitutionalism.''An insightful overview.},
	Author = {de B{\'u}rca, Gr{\'a}inne},
	Date-Added = {2020-04-25 22:41:28 -0400},
	Date-Modified = {2020-04-25 22:41:28 -0400},
	Journal = {Harvard International Law Journal},
	Pages = {1--49},
	Title = {The European Court of Justice and the International Legal Order after Kadi},
	Ty = {JOUR},
	Volume = {51},
	Year = {2010}}

@inbook{Wessel:2011ab,
	Address = {Leiden, The Netherlands},
	Annote = {Wessel's analysis occurs in the wake of the ECJ decision in Kadi. He argues that monism and dualism have been replaced by constitutionalism and pluralism, both of which offer more possibilities for explaining the complexities of the international-EU law relationship.},
	Author = {Wessel, Ramses W.},
	Booktitle = {General Issues: Monism, Dualism and the European Legal Order. Reconsidering the Relationship between International and EU Law},
	Date-Added = {2020-04-25 22:41:28 -0400},
	Date-Modified = {2020-04-25 22:41:28 -0400},
	Isbn = {9789004188570},
	Pages = {5--33},
	Publisher = {Brill/Nijhoff},
	Title = {International Law as Law of the European Union},
	Ty = {CHAP},
	Year = {2011}}

@article{Bogdandy:2008aa,
	Annote = {Builds on dualism to develop a theory of legal pluralism that accounts for the diversity of ways in which domestic systems (and the EU) interact with international law. Bogdandy proposes a system of linkages (``coupling'') between the legal systems, based on two constitutional concepts: the doctrines of direct effect and consistent interpretation, illustrated through WTO law. Provocative and compelling.},
	Author = {Bogdandy, Armin von},
	Date-Added = {2020-04-25 22:41:28 -0400},
	Date-Modified = {2020-04-25 22:41:28 -0400},
	Journal = {International Journal of Constitutional Law},
	Pages = {397--414},
	Title = {Pluralism, Direct Effect and the Ultimate Say: On the Relationship between International and Domestic Constitutional Law},
	Ty = {JOUR},
	Volume = {6},
	Year = {2008}}

@inbook{Chinkin:2007aa,
	Address = {Oxford},
	Annote = {Argues that the monism-dualism dichotomy cannot withstand the multiple forms of private (i.e., nonstate) authority that intersect with each other and that influence national and international legal systems.},
	Author = {Chinkin, Christine},
	Booktitle = {Monism and Dualism: The Impact of Private Authority on the Dichotomy between National and International Law},
	Date-Added = {2020-04-25 22:41:28 -0400},
	Date-Modified = {2020-04-25 22:41:28 -0400},
	Isbn = {9780199231942},
	Pages = {134--162},
	Publisher = {Oxford University Press},
	Title = {New Perspectives on the Divide between National and International Law},
	Ty = {CHAP},
	Year = {2007}}

@book{Krisch:2010aa,
	Address = {Oxford},
	Annote = {Krisch argues that pluralism---in which the relationships between different legal orders are determined by political rather than legal processes---is the most effective response to the ``disorder''of the postnational system of modern international relations.},
	Author = {Krisch, Nico},
	Date-Added = {2020-04-25 22:41:28 -0400},
	Date-Modified = {2020-04-25 22:41:28 -0400},
	Isbn = {9780199228317},
	Publisher = {Oxford University Press},
	Title = {Beyond Constitutionalism: The Pluralist Structure of Postnational Law},
	Ty = {BOOK},
	Year = {2010}}

@article{Michaels:2009aa,
	Annote = {An overview of the main themes and literature in global legal pluralism: the engagement of traditional legal pluralism with globalization. Provides a different way of conceptualizing the relationship between international and national law that has been taken up by others writing about monism and dualism. Good source of further reading on the topic.},
	Author = {Michaels, Ralf},
	Date-Added = {2020-04-25 22:41:28 -0400},
	Date-Modified = {2020-04-25 22:41:28 -0400},
	Journal = {Annual Review of Law and Social Science},
	Pages = {243--262},
	Title = {Global Legal Pluralism},
	Ty = {JOUR},
	Volume = {5},
	Year = {2009}}

@inbook{Nijman:2007aa,
	Address = {Oxford},
	Annote = {Identifies three themes that arise out of the other chapters in this collection: common values, the dispersion of authority, and deformalization. Argues that the combined effect of these three shifts in the national-international legal relationship requires a move to pluralism as the way to understand and predict that relationship.},
	Author = {Nijman, Janne{$|$}Nollkaemper, Andre},
	Booktitle = {Beyond the Divide},
	Date-Added = {2020-04-25 22:41:28 -0400},
	Date-Modified = {2020-04-25 22:41:28 -0400},
	Isbn = {9780199231942},
	Pages = {341--360},
	Publisher = {Oxford University Press},
	Title = {New Perspectives on the Divide between National and International Law},
	Ty = {CHAP},
	Year = {2007}}

@inbook{Paulus:2007aa,
	Address = {Oxford},
	Annote = {Makes a broad argument that neither monism nor dualism captures the complex plurality of relationships between different international, regional, national, and institutional legal orders. Details this argument with examples of international norms in national courts in the United States, Germany, and the United Kingdom.},
	Author = {Paulus, Andreas L.},
	Booktitle = {The Emergence of the International Community and the Divide between International and Domestic Law},
	Date-Added = {2020-04-25 22:41:28 -0400},
	Date-Modified = {2020-04-25 22:41:28 -0400},
	Isbn = {9780199231942},
	Pages = {216--250},
	Publisher = {Oxford University Press},
	Title = {New Perspectives on the Divide between National and International Law},
	Ty = {CHAP},
	Year = {2007}}

@article{Burca:2010ab,
	Annote = {Sets out the main strands of the constitutionalist approaches to international law, and how they relate to the debates over the relationship between international law and EU or municipal law. An excellent overview that includes useful references for pursuing the constitutionalist approaches to international law in general.},
	Author = {de B{\'u}rca, Gr{\'a}inne},
	Date-Added = {2020-04-25 22:41:28 -0400},
	Date-Modified = {2020-04-25 22:41:28 -0400},
	Journal = {Harvard International Law Journal},
	Pages = {1--49},
	Title = {The European Court of Justice and the International Legal Order after Kadi},
	Ty = {JOUR},
	Volume = {51},
	Year = {2010}}

@article{De-Wet:2006aa,
	Annote = {An argument for a strong, integrated international order, consisting of existing national, regional, and functional constitutional orders. This order would replace traditional dualist systems with a more monist system, in which individuals and states function simultaneously. A good example of constitutionalist international legal literature.},
	Author = {De Wet, Erika},
	Date-Added = {2020-04-25 22:41:28 -0400},
	Date-Modified = {2020-04-25 22:41:28 -0400},
	Journal = {International and Comparative Law Quarterly},
	Pages = {51--76},
	Title = {The International Constitutional Order},
	Ty = {JOUR},
	Volume = {55},
	Year = {2006}}

@article{Kleinlein:2012aa,
	Annote = {Examines the legacy of the work of Verdross for current constitutionalist thought in international law. Relies on Verdross's ``moderate monism''to argue for a legitimacy-based model for determining the relationship between international and domestic law.},
	Author = {Kleinlein, Thomas},
	Date-Added = {2020-04-25 22:41:28 -0400},
	Date-Modified = {2020-04-25 22:41:28 -0400},
	Journal = {Goettingen Journal of International Law},
	Pages = {385--416},
	Title = {Alfred Verdross as a Founding Father of International Constitutionalism?},
	Ty = {JOUR},
	Volume = {4},
	Year = {2012}}

@inbook{Kumm:2007aa,
	Address = {Cambridge, UK},
	Annote = {Presents a normative framework for the relationship between national and international law based on democratic constitutionalism. He argues that citizens should consider themselves constrained by international law and should establish institutions that ensure compliance with international law, to the extent that that law does not violate ``jurisdictional, procedural, and outcome-related principles''such that the presumption in favor of international law compliance is rebutted. Thorough and thought-provoking.},
	Author = {Kumm, Mattias},
	Booktitle = {Democratic Constitutionalism Encounters International Law: Terms of Engagement},
	Date-Added = {2020-04-25 22:41:28 -0400},
	Date-Modified = {2020-04-25 22:41:28 -0400},
	Pages = {256--293},
	Publisher = {Cambridge University Press},
	Title = {The Migration of Constitutional Ideas},
	Ty = {CHAP},
	Year = {2007}}

@comment{BibDesk Static Groups{
<?xml version="1.0" encoding="UTF-8"?>
<!DOCTYPE plist PUBLIC "-//Apple//DTD PLIST 1.0//EN" "http://www.apple.com/DTDs/PropertyList-1.0.dtd">
<plist version="1.0">
<array>
	<dict>
		<key>group name</key>
		<string>Monism and Dualism in International Law</string>
		<key>keys</key>
		<string>Anzilotti:1928aa,Arangio-Ruiz:2007aa,Bogdandy:2008aa,Bonafe:2014aa,Bonafe:2014ab,Borchard:1940aa,Burca:2010aa,Burca:2010ab,Cannizzaro:2011aa,Cassese:2012aa,Charlesworth:2003aa,Chinkin:2007aa,Crawford:2012aa,De-Wet:2006aa,Denza:2006aa,Feldman:1999aa,Ferrari-Bravo:1983aa,Fikfak:2013aa,Fitzmaurice:1957aa,Gaja:1992aa,Gaja:2007aa,Heiskanen:1992aa,Henkin:1989aa,Higgins:1994aa,Kelsen:1966aa,Kleinlein:2012aa,Kolb:2014aa,Krisch:2010aa,Kumm:2007aa,Lauterpacht:1970aa,Malanczuk:1997aa,Maluwa:1998aa,Michaels:2009aa,Moreno-Lax:2016aa,Nijman:2007aa,Nollkaemper:2014aa,OConnell:1970aa,Okeke:2015aa,Owada:2015aa,Paulus:2007aa,Starke:1936aa,Triepel:1923aa,Van-Alstine:2009aa,Waters:2007aa,Waters:2007ab,Wessel:2011aa,Wessel:2011ab,Ziegler:2016aa</string>
	</dict>
	<dict>
		<key>group name</key>
		<string>The Law of Treaties</string>
		<key>keys</key>
		<string>Aust:2010aa,Brownlie:2008aa,Daillier:2009aa,Evans:2010aa,Jennings:1992aa,Kolb:2003aa,Remiro-Brotons:2007aa,Shaw:2008aa,Aust:2007aa,Cannizaro:2011aa,Fitzmaurice:2005aa,McNair:1986aa,Remiro-Brotons:1987aa,Reuter:1995aa,Rosenne:1989aa,Verzijl:1968aa,Bernhardt:1992aa,Kohen:2000aa,Rosenne:1970aa,Watts:1999aa,Wetzel:1978aa,Ago:1971aa,Elias:1974aa,Kearney:1970aa,Sinclair:1984aa,Corten:2011aa,Villiger:2009aa,Aust:1986aa,Fawcett:1953aa,Fitzmaurice:2002aa,Johnson:1997aa,Leben:2001aa,Klabbers:1996aa,MacDonald:1983aa,Virally:1983aa,Baxter:1970aa,Dinstein:2006aa,Jia:2010aa,Kontou:1994aa,MacDonald:1983ab,Torrione:1989aa,Villiger:1997aa,Brolmann:2007aa,Di-Marzo:1980aa,Dupuy:1973aa,Lissitzyn:1968aa,Okeke:1974aa,Craen:1983aa,Zemanek:1971aa,Beyerlin:1976aa,Blix:1960aa,Blix:1973aa,Kolb:2000aa,Plantey:2007aa,Rosenne:1989ab,Wolfrum:2005aa,Breton-Le-Goff:2002aa,Daudet:1968aa,Gowlland-Debbas:2000aa,Kohona:2005aa,Rosenne:1989ac,Suy:1998aa,Skubiszewski:1977aa,Horn:1988aa,Imbert:1979aa,Martin-Rodriguez:2003aa,McRae:1978aa,Redgwell:1993aa,Riquelme:2004aa,Ruda:1975aa,Treves:2002aa,Cohen-Jonathan:1996aa,Craven:2000aa,Gardner:1997aa,Goodman:2002aa,Lijnzaad:1995aa,Ziemele:2004aa,Cassese:1985aa,Hollis:2005aa,Johnson:1984aa,Kraft:1991aa,McNair:1974aa,Wiktor:2006aa,Wildhaber:1971aa,Ziccardi-Capaldo:1983aa,Geslin:2005aa,Kunz:1945aa,Lukashuk:1989aa,Wehberg:1959aa,Whitton:1934aa,Burgstaller:2005aa,Chayes:1995aa,Downs:2002aa,Guzman:2008aa,Shelton:2000aa,Szasz:1999aa,Ulfstein:2010aa,Brolmann:2007ab,Cahier:1974aa,Chinkin:1993aa,Jimenez-de-Arechaga:1956aa,Lee:1983aa,Rozakis:1975aa,Schweisfurth:1985aa,Talalaev:1985aa,Klein:1980aa,McNair:1957aa,Ragazzi:1997aa,Simma:1986aa,Buergenthal:1992aa,Conforti:1993aa,Jackson:1992aa,Jacobs:1987aa,Kadelbach:1999aa,Shelton:2011aa,Sloss:2009aa,Vazquez:1995aa,Nascimento-e-Silva:1977aa,Elias:1980aa,Kalamkaryan:1989aa,Looper:1955aa,Oliver:1974aa,Orihuela:2004aa,Fitzmaurice:2010aa,Gardiner:2008aa,Lauterpacht:1950aa,Linderfalk:2007aa,McLachlan:2005aa,Orakhelashvili:2008aa,Yasseen:1976aa,Falk:1967aa,Fitzmaurice:1971aa,MacDougal:1967aa,MacDougal:1994aa,Akhavi:2003aa,Binder:1988aa,Jenks:1953aa,Lopez-Martin:2002aa,Majoros:1980aa,Roucounas:1987aa,Vierdag:1988aa,Casanovas:2001aa,Dupuy:2002aa,Gradoni:2009aa,Huesa:2006aa,Klabbers:2008aa,Rodrigo:2011aa,Simma:2006aa,Chen:1974aa,Craven:2009aa,Goncalves-Pereira:1969aa,Jenks:1952aa,Meriboute:1984aa,OConnell:1970ab,Pazartzis:2002aa,Bowman:1995aa,Cot:1966aa,Georgopoulos:2004aa,Giraud:1961aa,Kontou:1994ab,Leca:1961aa,Poch:1968aa,Scelle:1948aa,Buffard:2008aa,Cahier:1972aa,Conforti:1990aa,Elias:1971aa,Greig:2006aa,Guggenheim:1949aa,McNair:1965aa,Nahlik:1971aa,Rozakis:1974aa,Cahier:1971aa,Jong:1984aa,Geck:1963aa,Malawer:1977aa,Meron:1978aa,Napoletano:1977aa,Oraison:1971aa,Oraison:1972aa,Tenekides:1974aa,Capotorti:1971aa,Conde:2007aa,David:1975aa,Harastzy:1973aa,Huesa:2007aa,Kontou:1994ac,McNair:1928aa,Rosenne:1967aa,Ziccardi-Capaldo:1983ab,Briggs:1974aa,Widdows:1982aa,Cahier:1987aa,Gomez-Robledo:1979aa,Haraszty:1975aa,Lissitzyn:1967aa,Schwelb:1969aa,Sico:1983aa,Barile:1987aa,Crawford:2001aa,Gomaa:1996aa,Laly-Chevalier:2005aa,Mazzeschi:1984aa,Rosenne:1985aa,Simma:1970aa,Broms:1985aa,Curti-Gialdino:1959aa,McNair:1937aa,Santos-Vara:2006aa,Caflish:1992aa,Craven:2005aa,Detter:1966aa,Gilbert:1976aa,Wang:2008aa,Barberis:1970aa,Gaja:1981aa,Hannikainen:1988aa,Orakhelashvili:2006aa,Rozakis:1976aa,Scheuner:1967aa,Sztucki:1974aa</string>
	</dict>
</array>
</plist>
}}

@comment{BibDesk Smart Groups{
<?xml version="1.0" encoding="UTF-8"?>
<!DOCTYPE plist PUBLIC "-//Apple//DTD PLIST 1.0//EN" "http://www.apple.com/DTDs/PropertyList-1.0.dtd">
<plist version="1.0">
<array>
	<dict>
		<key>conditions</key>
		<array>
			<dict>
				<key>comparison</key>
				<integer>2</integer>
				<key>key</key>
				<string>Group</string>
				<key>value</key>
				<string></string>
				<key>version</key>
				<string>1</string>
			</dict>
		</array>
		<key>conjunction</key>
		<integer>0</integer>
		<key>group name</key>
		<string>Smart Group</string>
	</dict>
</array>
</plist>
}}
