%% This BibTeX bibliography file was created using BibDesk.
%% http://bibdesk.sourceforge.net/

%% Created for Joshua Scriven at 2017-04-28 23:59:24 -0400 


%% Saved with string encoding Unicode (UTF-8) 



@incollection{Mearsheimer:2001aa,
	Author = {Mearsheimer, John},
	Booktitle = {The tragedy of great power politics},
	Chapter = {2},
	Date = {2001},
	Date-Added = {2017-04-29 03:06:12 +0000},
	Date-Modified = {2017-04-29 03:07:01 +0000},
	Editor = {Mearsheimer, John},
	Publisher = {WW Norton & Company},
	Title = {Anarchy and the Struggle for Power},
	Year = {2001}}

@article{Ehrlich:2013aa,
	Author = {Sean D. Ehrlich and Eddie Hearn},
	Date-Added = {2017-04-29 00:21:41 +0000},
	Date-Modified = {2017-04-29 00:21:41 +0000},
	Doi = {10.1111/fpa.12001},
	Journal = {Foreign Policy Analysis},
	Month = {jan},
	Number = {2},
	Pages = {149--164},
	Publisher = {Wiley-Blackwell},
	Title = {Does Compensating the Losers Increase Support for Trade? an Experimental Test of the Embedded Liberalism Thesis},
	Url = {https://doi.org/10.1111\%2Ffpa.12001},
	Volume = {10},
	Year = 2013,
	Bdsk-Url-1 = {https://doi.org/10.1111%5C%2Ffpa.12001},
	Bdsk-Url-2 = {http://dx.doi.org/10.1111/fpa.12001}}

@article{Chiozza:2004aa,
	Author = {Giacomo Chiozza and H. E. Goemans},
	Date-Added = {2017-04-28 22:21:17 +0000},
	Date-Modified = {2017-04-28 22:21:17 +0000},
	Doi = {10.2307/1519919},
	Journal = {American Journal of Political Science},
	Month = {jul},
	Number = {3},
	Pages = {604},
	Publisher = {{JSTOR}},
	Title = {International Conflict and the Tenure of Leaders: Is War Still "Ex Post" Inefficient?},
	Url = {https://doi.org/10.2307\%2F1519919},
	Volume = {48},
	Year = 2004,
	Bdsk-Url-1 = {https://doi.org/10.2307%5C%2F1519919},
	Bdsk-Url-2 = {http://dx.doi.org/10.2307/1519919}}

@article{Branch:2011aa,
	Author = {Jordan Branch},
	Date-Added = {2017-04-28 21:26:18 +0000},
	Date-Modified = {2017-04-28 21:26:18 +0000},
	Doi = {10.1017/s0020818310000299},
	Journal = {International Organization},
	Month = {jan},
	Number = {01},
	Pages = {1--36},
	Publisher = {Cambridge University Press ({CUP})},
	Title = {Mapping the Sovereign State: Technology, Authority, and Systemic Change},
	Url = {https://doi.org/10.1017\%2Fs0020818310000299},
	Volume = {65},
	Year = 2011,
	Bdsk-Url-1 = {https://doi.org/10.1017%5C%2Fs0020818310000299},
	Bdsk-Url-2 = {http://dx.doi.org/10.1017/s0020818310000299}}

@incollection{Waltz:2010aa,
	Author = {Kenneth N. Waltz},
	Booktitle = {Theory of International Politics},
	Date-Added = {2017-04-28 18:40:45 +0000},
	Date-Modified = {2017-04-28 18:54:20 +0000},
	Editor = {Kenneth N. Waltz},
	Isbn = {1478610530},
	Month = {Jan},
	Pages = {Chapter 1},
	Publisher = {Waveland Press},
	Title = {Laws and Theories},
	Year = {1979}}

@article{Jervis:1988aa,
	Author = {Robert Jervis},
	Date-Added = {2017-04-28 18:31:22 +0000},
	Date-Modified = {2017-04-28 18:31:22 +0000},
	Doi = {10.2307/204820},
	Journal = {Journal of Interdisciplinary History},
	Number = {4},
	Pages = {675},
	Publisher = {{JSTOR}},
	Title = {War and Misperception},
	Url = {https://doi.org/10.2307\%2F204820},
	Volume = {18},
	Year = 1988,
	Bdsk-Url-1 = {https://doi.org/10.2307%5C%2F204820},
	Bdsk-Url-2 = {http://dx.doi.org/10.2307/204820}}

@article{Mercer:2005aa,
	Author = {Jonathan Mercer},
	Date-Added = {2017-04-28 18:00:59 +0000},
	Date-Modified = {2017-04-28 18:00:59 +0000},
	Doi = {10.1017/s0020818305050058},
	Journal = {International Organization},
	Month = {jan},
	Number = {01},
	Publisher = {Cambridge University Press ({CUP})},
	Title = {Rationality and Psychology in International Politics},
	Url = {https://doi.org/10.1017\%2Fs0020818305050058},
	Volume = {59},
	Year = 2005,
	Bdsk-Url-1 = {https://doi.org/10.1017%5C%2Fs0020818305050058},
	Bdsk-Url-2 = {http://dx.doi.org/10.1017/s0020818305050058}}

@article{Herrmann:1995aa,
	Author = {Richard K. Herrmann and Michael P. Fischerkeller},
	Date-Added = {2017-04-28 17:51:39 +0000},
	Date-Modified = {2017-04-28 18:22:45 +0000},
	Doi = {10.1017/s0020818300033336},
	Journal = {International Organization},
	Month = {jun},
	Number = {03},
	Pages = {415},
	Publisher = {Cambridge University Press ({CUP})},
	Title = {Beyond the Enemy Image and Spiral Model: Cognitive-Strategic Research After the Cold War},
	Url = {https://doi.org/10.1017\%2Fs0020818300033336},
	Volume = {49},
	Year = 1995,
	Bdsk-Url-1 = {https://doi.org/10.1017%5C%2Fs0020818300033336},
	Bdsk-Url-2 = {http://dx.doi.org/10.1017/s0020818300033336}}

@article{STASAVAGE:2014aa,
	Author = {David Stasavage},
	Date-Added = {2017-04-28 17:26:13 +0000},
	Date-Modified = {2017-04-28 17:27:14 +0000},
	Doi = {10.1017/s0003055414000173},
	Journal = {American Political Science Review},
	Month = {apr},
	Number = {02},
	Pages = {337--354},
	Publisher = {Cambridge University Press ({CUP})},
	Title = {Was Weber Right? the Role of Urban Autonomy in Europe's Rise},
	Url = {https://doi.org/10.1017\%2Fs0003055414000173},
	Volume = {108},
	Year = 2014,
	Bdsk-Url-1 = {https://doi.org/10.1017%5C%2Fs0003055414000173},
	Bdsk-Url-2 = {http://dx.doi.org/10.1017/s0003055414000173}}

@article{Bean:1973aa,
	Author = {Richard Bean},
	Date-Added = {2017-04-28 17:23:38 +0000},
	Date-Modified = {2017-04-28 17:23:38 +0000},
	Doi = {10.1017/s0022050700076531},
	Journal = {The Journal of Economic History},
	Month = {mar},
	Number = {01},
	Pages = {203--221},
	Publisher = {Cambridge University Press ({CUP})},
	Title = {War and the Birth of the Nation State},
	Url = {https://doi.org/10.1017\%2Fs0022050700076531},
	Volume = {33},
	Year = 1973,
	Bdsk-Url-1 = {https://doi.org/10.1017%5C%2Fs0022050700076531},
	Bdsk-Url-2 = {http://dx.doi.org/10.1017/s0022050700076531}}

@article{Acemoglu:2001aa,
	Author = {Daron Acemoglu and Simon Johnson and James a Robinson},
	Date-Added = {2017-04-28 17:17:40 +0000},
	Date-Modified = {2017-04-28 17:17:40 +0000},
	Doi = {10.1257/aer.91.5.1369},
	Journal = {American Economic Review},
	Month = {dec},
	Number = {5},
	Pages = {1369--1401},
	Publisher = {American Economic Association},
	Title = {The Colonial Origins of Comparative Development: An Empirical Investigation},
	Url = {https://doi.org/10.1257\%2Faer.91.5.1369},
	Volume = {91},
	Year = 2001,
	Bdsk-Url-1 = {https://doi.org/10.1257%5C%2Faer.91.5.1369},
	Bdsk-Url-2 = {http://dx.doi.org/10.1257/aer.91.5.1369}}

@article{Findley:2012aa,
	Author = {M. G. Findley},
	Date-Added = {2017-04-28 08:52:33 +0000},
	Date-Modified = {2017-04-28 08:52:33 +0000},
	Doi = {10.1177/0022002712453703},
	Journal = {Journal of Conflict Resolution},
	Month = {aug},
	Number = {5},
	Pages = {905--932},
	Publisher = {{SAGE} Publications},
	Title = {Bargaining and the Interdependent Stages of Civil War Resolution},
	Url = {https://doi.org/10.1177\%2F0022002712453703},
	Volume = {57},
	Year = 2012,
	Bdsk-Url-1 = {https://doi.org/10.1177%5C%2F0022002712453703},
	Bdsk-Url-2 = {http://dx.doi.org/10.1177/0022002712453703}}

@article{Sawyer:2015aa,
	Author = {Katherine Sawyer and Kathleen Gallagher Cunningham and William Reed},
	Date-Added = {2017-04-28 08:51:58 +0000},
	Date-Modified = {2017-04-28 08:51:58 +0000},
	Doi = {10.1177/0022002715600761},
	Journal = {Journal of Conflict Resolution},
	Month = {sep},
	Pages = {002200271560076},
	Publisher = {{SAGE} Publications},
	Title = {The Role of External Support in Civil War Termination},
	Url = {https://doi.org/10.1177\%2F0022002715600761},
	Year = 2015,
	Bdsk-Url-1 = {https://doi.org/10.1177%5C%2F0022002715600761},
	Bdsk-Url-2 = {http://dx.doi.org/10.1177/0022002715600761}}

@article{Pearlman:2011aa,
	Author = {W. Pearlman and K. G. Cunningham},
	Date-Added = {2017-04-28 08:50:25 +0000},
	Date-Modified = {2017-04-28 08:50:25 +0000},
	Doi = {10.1177/0022002711429669},
	Journal = {Journal of Conflict Resolution},
	Month = {dec},
	Number = {1},
	Pages = {3--15},
	Publisher = {{SAGE} Publications},
	Title = {Nonstate Actors, Fragmentation, and Conflict Processes},
	Url = {https://doi.org/10.1177\%2F0022002711429669},
	Volume = {56},
	Year = 2011,
	Bdsk-Url-1 = {https://doi.org/10.1177%5C%2F0022002711429669},
	Bdsk-Url-2 = {http://dx.doi.org/10.1177/0022002711429669}}

@article{Fjelde:2012aa,
	Author = {H. Fjelde and D. Nilsson},
	Date-Added = {2017-04-28 08:49:01 +0000},
	Date-Modified = {2017-04-28 08:49:01 +0000},
	Doi = {10.1177/0022002712439496},
	Journal = {Journal of Conflict Resolution},
	Month = {apr},
	Number = {4},
	Pages = {604--628},
	Publisher = {{SAGE} Publications},
	Title = {Rebels Against Rebels: Explaining Violence Between Rebel Groups},
	Url = {https://doi.org/10.1177\%2F0022002712439496},
	Volume = {56},
	Year = 2012,
	Bdsk-Url-1 = {https://doi.org/10.1177%5C%2F0022002712439496},
	Bdsk-Url-2 = {http://dx.doi.org/10.1177/0022002712439496}}

@article{Tiernay:2015aa,
	Author = {Michael Tiernay},
	Date-Added = {2017-04-28 08:46:47 +0000},
	Date-Modified = {2017-04-28 08:46:47 +0000},
	Doi = {10.1177/0022002713499720},
	Journal = {Journal of Conflict Resolution},
	Month = {mar},
	Number = {2},
	Pages = {175--206},
	Publisher = {{SAGE} Publications},
	Title = {Killing Kony},
	Url = {https://doi.org/10.1177\%2F0022002713499720},
	Volume = {59},
	Year = 2015,
	Bdsk-Url-1 = {https://doi.org/10.1177%5C%2F0022002713499720},
	Bdsk-Url-2 = {http://dx.doi.org/10.1177/0022002713499720}}

@article{Keck:1999aa,
	Author = {Margaret E. Keck and Kathryn Sikkink},
	Date-Added = {2017-04-28 01:30:57 +0000},
	Date-Modified = {2017-04-28 01:30:57 +0000},
	Doi = {10.1111/1468-2451.00179},
	Journal = {International Social Science Journal},
	Month = {mar},
	Number = {159},
	Pages = {89--101},
	Publisher = {Wiley-Blackwell},
	Title = {Transnational Advocacy Networks in International and Regional Politics},
	Url = {https://doi.org/10.1111\%2F1468-2451.00179},
	Volume = {51},
	Year = 1999,
	Bdsk-Url-1 = {https://doi.org/10.1111%5C%2F1468-2451.00179},
	Bdsk-Url-2 = {http://dx.doi.org/10.1111/1468-2451.00179}}

@article{Gilli:2014aa,
	Annote = {test},
	Author = {Andrea Gilli and Mauro Gilli},
	Date-Added = {2017-04-27 21:49:28 +0000},
	Date-Modified = {2017-04-28 01:05:07 +0000},
	Doi = {10.1080/09636412.2014.935233},
	Journal = {Security Studies},
	Month = {jul},
	Number = {3},
	Pages = {513--547},
	Publisher = {Informa {UK} Limited},
	Title = {The Spread of Military Innovations: Adoption Capacity Theory, Tactical Incentives, and the Case of Suicide Terrorism},
	Url = {https://doi.org/10.1080\%2F09636412.2014.935233},
	Volume = {23},
	Year = 2014,
	Bdsk-Url-1 = {https://doi.org/10.1080%5C%2F09636412.2014.935233},
	Bdsk-Url-2 = {http://dx.doi.org/10.1080/09636412.2014.935233}}

@article{Tomz:2007aa,
	Author = {Michael Tomz},
	Date-Added = {2017-04-26 23:51:54 +0000},
	Date-Modified = {2017-04-26 23:51:54 +0000},
	Doi = {10.1017/s0020818307070282},
	Journal = {International Organization},
	Month = {oct},
	Number = {04},
	Publisher = {Cambridge University Press ({CUP})},
	Title = {Domestic Audience Costs in International Relations: An Experimental Approach},
	Url = {https://doi.org/10.1017\%2Fs0020818307070282},
	Volume = {61},
	Year = 2007,
	Bdsk-Url-1 = {https://doi.org/10.1017%5C%2Fs0020818307070282},
	Bdsk-Url-2 = {http://dx.doi.org/10.1017/s0020818307070282}}

@article{Grieco:1993aa,
	Author = {Grieco, Joseph and Powell, Robert and Snidal, Duncan},
	Date = {1993},
	Date-Added = {2017-04-22 00:23:39 +0000},
	Date-Modified = {2017-04-22 00:23:39 +0000},
	Journal = {American Political Science Review},
	Number = {03},
	Pages = {729-743 %@ 1537-5943},
	Publisher = {Cambridge Univ Press},
	Title = {The Relative-Gains Problem for International Cooperation.},
	Volume = {87},
	Year = {1993}}

@article{McDermott:2011aa,
	Author = {McDermott, Rose},
	Date = {2011},
	Date-Added = {2017-04-21 22:56:46 +0000},
	Date-Modified = {2017-04-21 22:56:46 +0000},
	Journal = {International Studies Quarterly},
	Number = {2},
	Pages = {503-520 %@ 1468-2478},
	Publisher = {Wiley Online Library},
	Title = {New Directions for Experimental Work in International Relations},
	Volume = {55},
	Year = {2011}}

@article{Dessler:1991aa,
	Author = {Dessler, David},
	Date = {1991},
	Date-Added = {2017-04-21 21:57:42 +0000},
	Date-Modified = {2017-04-21 21:57:42 +0000},
	Journal = {International Studies Quarterly},
	Number = {3},
	Pages = {337-355 %@ 0020-8833},
	Publisher = {The Oxford University Press},
	Title = {Beyond Correlations: Toward a Causal Theory of War},
	Volume = {35},
	Year = {1991}}

@article{Zagare:1999ab,
	Author = {Frank C. Zagare},
	Date-Added = {2017-04-20 01:32:31 +0000},
	Date-Modified = {2017-04-20 01:32:31 +0000},
	Doi = {10.1162/016228899560185},
	Journal = {International Security},
	Month = {oct},
	Number = {2},
	Pages = {107--114},
	Publisher = {{MIT} Press - Journals},
	Title = {All Mortis, No Rigor},
	Url = {https://doi.org/10.1162\%2F016228899560185},
	Volume = {24},
	Year = 1999,
	Bdsk-Url-1 = {https://doi.org/10.1162%5C%2F016228899560185},
	Bdsk-Url-2 = {http://dx.doi.org/10.1162/016228899560185}}

@article{Walt:1999aa,
	Author = {Stephen M. Walt},
	Date-Added = {2017-04-20 01:31:34 +0000},
	Date-Modified = {2017-04-20 01:31:34 +0000},
	Doi = {10.1162/isec.23.4.5},
	Journal = {International Security},
	Month = {apr},
	Number = {4},
	Pages = {5--48},
	Publisher = {{MIT} Press - Journals},
	Title = {Rigor or Rigor Mortis? Rational Choice and Security Studies},
	Url = {https://doi.org/10.1162\%2Fisec.23.4.5},
	Volume = {23},
	Year = 1999,
	Bdsk-Url-1 = {https://doi.org/10.1162%5C%2Fisec.23.4.5},
	Bdsk-Url-2 = {http://dx.doi.org/10.1162/isec.23.4.5}}

@article{Nielsen:2011aa,
	Author = {Nielsen, Richard a and Findley, Michael G and Davis, Zachary S and Candland, Tara and Nielson, Daniel L},
	Date = {2011},
	Date-Added = {2017-04-20 01:29:08 +0000},
	Date-Modified = {2017-04-20 01:29:08 +0000},
	Journal = {American Journal of Political Science},
	Number = {2},
	Pages = {219-232 %@ 1540-5907},
	Publisher = {Wiley Online Library},
	Title = {Foreign Aid Shocks as a Cause of Violent Armed Conflict},
	Volume = {55},
	Year = {2011}}

@article{Dreher:2009aa,
	Author = {Dreher, Axel and Sturm, Jan-Egbert and Vreeland, James Raymond},
	Date = {2009},
	Date-Added = {2017-04-20 01:29:08 +0000},
	Date-Modified = {2017-04-20 01:29:08 +0000},
	Journal = {Journal of Development Economics},
	Number = {1},
	Pages = {1-18 %@ 0304-3878},
	Publisher = {Elsevier},
	Title = {Development Aid and International Politics: Does Membership on the UN Security Council Influence World Bank Decisions?},
	Volume = {88},
	Year = {2009}}

@article{Alesina:2000aa,
	Author = {Alesina, Alberto and Dollar, David},
	Date = {2000},
	Date-Added = {2017-04-20 01:29:08 +0000},
	Date-Modified = {2017-04-20 01:29:08 +0000},
	Journal = {Journal of economic growth},
	Number = {1},
	Pages = {33-63 %@ 1381-4338},
	Publisher = {Springer},
	Title = {Who Gives Foreign Aid to Whom and Why?},
	Volume = {5},
	Year = {2000}}

@article{Hanson:2007aa,
	Author = {Hanson, Gordon H and Scheve, Kenneth and Slaughter, Matthew J},
	Date = {2007},
	Date-Added = {2017-04-20 01:25:00 +0000},
	Date-Modified = {2017-04-20 01:25:00 +0000},
	Journal = {Economics & Politics},
	Number = {1},
	Pages = {1-33 %@ 1468-0343},
	Publisher = {Wiley Online Library},
	Title = {Public Finance and Individual Preferences Over Globalization Strategies},
	Volume = {19},
	Year = {2007}}

@article{Moon:2015aa,
	Author = {Moon, Chungshik},
	Date = {2015},
	Date-Added = {2017-04-20 01:25:00 +0000},
	Date-Modified = {2017-04-20 01:25:00 +0000},
	Journal = {International Studies Quarterly},
	Number = {2},
	Pages = {344-356 %@ 1468-2478},
	Publisher = {Wiley Online Library},
	Title = {Foreign Direct Investment, Commitment Institutions, and Time Horizon: How Some Autocrats Do Better Than Others},
	Volume = {59},
	Year = {2015}}

@article{Bernhard:1999ab,
	Author = {Bernhard, William and Leblang, David},
	Date = {1999},
	Date-Added = {2017-04-20 01:25:00 +0000},
	Date-Modified = {2017-04-20 01:25:00 +0000},
	Journal = {International Organization},
	Number = {01},
	Pages = {71-97 %@ 1531-5088},
	Publisher = {Cambridge Univ Press},
	Title = {Democratic Institutions and Exchange-Rate Commitments},
	Volume = {53},
	Year = {1999}}

@article{Frieden:1991aa,
	Author = {Frieden, Jeffry A},
	Date = {1991},
	Date-Added = {2017-04-20 01:25:00 +0000},
	Date-Modified = {2017-04-20 01:25:00 +0000},
	Journal = {International Organization},
	Number = {04},
	Pages = {425-451 %@ 1531-5088},
	Publisher = {Cambridge Univ Press},
	Title = {Invested Interests: The Politics of National Economic Policies in a World of Global Finance},
	Volume = {45},
	Year = {1991}}

@article{Fordham:2012aa,
	Author = {Fordham, Benjamin O and Kleinberg, Katja B},
	Date = {2012},
	Date-Added = {2017-04-20 01:25:00 +0000},
	Date-Modified = {2017-04-20 01:25:00 +0000},
	Journal = {International Organization},
	Number = {02},
	Pages = {311-328 %@ 1531-5088},
	Publisher = {Cambridge Univ Press},
	Title = {How Can Economic Interests Influence Support for Free Trade?},
	Volume = {66},
	Year = {2012}}

@article{Bechtel:2015aa,
	Author = {Bechtel, Michael M and Sattler, Thomas},
	Date = {2015},
	Date-Added = {2017-04-20 01:25:00 +0000},
	Date-Modified = {2017-04-20 01:25:00 +0000},
	Journal = {International Organization},
	Number = {02},
	Pages = {375-403 %@ 1531-5088},
	Publisher = {Cambridge Univ Press},
	Title = {What Is Litigation in the World Trade Organization Worth?},
	Volume = {69},
	Year = {2015}}

@article{Steinberg:2002aa,
	Author = {Steinberg, Richard H},
	Date = {2002},
	Date-Added = {2017-04-20 01:25:00 +0000},
	Date-Modified = {2017-04-20 01:25:00 +0000},
	Journal = {International Organization},
	Number = {02},
	Pages = {339-374 %@ 1531-5088},
	Publisher = {Cambridge Univ Press},
	Title = {In the Shadow of Law or Power? Consensus-Based Bargaining and Outcomes in the Gatt/Wto},
	Volume = {56},
	Year = {2002}}

@article{Busch:2007ab,
	Author = {Busch, Marc L},
	Date = {2007},
	Date-Added = {2017-04-20 01:25:00 +0000},
	Date-Modified = {2017-04-20 01:25:00 +0000},
	Journal = {International Organization},
	Number = {04},
	Pages = {735-761 %@ 1531-5088},
	Publisher = {Cambridge Univ Press},
	Title = {Overlapping Institutions, Forum Shopping, and Dispute Settlement in International Trade},
	Volume = {61},
	Year = {2007}}

@article{Gowa:2005ab,
	Author = {Gowa, Joanne and Kim, Soo Yeon},
	Date = {2005},
	Date-Added = {2017-04-20 01:25:00 +0000},
	Date-Modified = {2017-04-20 01:25:00 +0000},
	Journal = {World Politics},
	Number = {04},
	Pages = {453-478 %@ 1086-3338},
	Publisher = {Cambridge Univ Press},
	Title = {An Exclusive Country Club: The Effects of the Gatt on Trade, 1950--94},
	Volume = {57},
	Year = {2005}}

@article{Kono:2006aa,
	Author = {Kono, Daniel Y},
	Date = {2006},
	Date-Added = {2017-04-20 01:25:00 +0000},
	Date-Modified = {2017-04-20 01:25:00 +0000},
	Journal = {American Political Science Review},
	Number = {03},
	Pages = {369-384 %@ 1537-5943},
	Publisher = {Cambridge Univ Press},
	Title = {Optimal Obfuscation: Democracy and Trade Policy Transparency},
	Volume = {100},
	Year = {2006}}

@article{Webb:1991aa,
	Author = {Webb, Michael C},
	Date = {1991},
	Date-Added = {2017-04-20 01:24:23 +0000},
	Date-Modified = {2017-04-20 01:24:23 +0000},
	Journal = {International Organization},
	Number = {03},
	Pages = {309-342 %@ 1531-5088},
	Publisher = {Cambridge Univ Press},
	Title = {International Economic Structures, Government Interests, and International Coordination of Macroeconomic Adjustment Policies},
	Volume = {45},
	Year = {1991}}

@article{Wallace:2013ab,
	Author = {Wallace, Geoffrey Pr},
	Date = {2013},
	Date-Added = {2017-04-20 01:20:07 +0000},
	Date-Modified = {2017-04-20 01:20:07 +0000},
	Journal = {International Organization},
	Number = {01},
	Pages = {105-140 %@ 1531-5088},
	Publisher = {Cambridge Univ Press},
	Title = {International Law and Public Attitudes Toward Torture: An Experimental Study},
	Volume = {67},
	Year = {2013}}

@article{Kelley:2007aa,
	Author = {Kelley, Judith},
	Date = {2007},
	Date-Added = {2017-04-20 01:20:07 +0000},
	Date-Modified = {2017-04-20 01:20:07 +0000},
	Journal = {American Political Science Review},
	Number = {03},
	Pages = {573-589 %@ 1537-5943},
	Publisher = {Cambridge Univ Press},
	Title = {Who Keeps International Commitments and Why? the International Criminal Court and Bilateral Nonsurrender Agreements},
	Volume = {101},
	Year = {2007}}

@article{Conrad:2013ab,
	Author = {Conrad, Courtenay R and Ritter, Emily Hencken},
	Date = {2013},
	Date-Added = {2017-04-20 01:20:07 +0000},
	Date-Modified = {2017-04-20 01:20:07 +0000},
	Journal = {The Journal of Politics},
	Number = {2},
	Pages = {397-409 %@ 0022-3816},
	Publisher = {Cambridge University Press New York, USA},
	Title = {Treaties, Tenure, and Torture: The Conflicting Domestic Effects of International Law},
	Volume = {75},
	Year = {2013}}

@article{Finnemore:1996aa,
	Author = {Finnemore, Martha},
	Date = {1996},
	Date-Added = {2017-04-20 01:20:07 +0000},
	Date-Modified = {2017-04-20 01:20:07 +0000},
	Journal = {The culture of national security: Norms and identity in world politics},
	Title = {Constructing Norms of Humanitarian Intervention},
	Volume = {153},
	Year = {1996}}

@article{Simmons:2010ac,
	Author = {Simmons, Beth a and Danner, Allison},
	Date = {2010},
	Date-Added = {2017-04-20 01:20:07 +0000},
	Date-Modified = {2017-04-20 01:20:07 +0000},
	Journal = {International Organization},
	Number = {02},
	Pages = {225-256 %@ 1531-5088},
	Publisher = {Cambridge Univ Press},
	Title = {Credible Commitments and the International Criminal Court},
	Volume = {64},
	Year = {2010}}

@article{Neumayer:2005ac,
	Author = {Neumayer, Eric},
	Date = {2005},
	Date-Added = {2017-04-20 01:20:07 +0000},
	Date-Modified = {2017-04-20 01:20:07 +0000},
	Journal = {Journal of conflict resolution},
	Number = {6},
	Pages = {925-953 %@ 0022-0027},
	Publisher = {Sage Publications},
	Title = {Do International Human Rights Treaties Improve Respect for Human Rights?},
	Volume = {49},
	Year = {2005}}

@article{Donno:2010ab,
	Author = {Donno, Daniela},
	Date = {2010},
	Date-Added = {2017-04-20 01:20:07 +0000},
	Date-Modified = {2017-04-20 01:20:07 +0000},
	Journal = {International Organization},
	Number = {04},
	Pages = {593-625 %@ 1531-5088},
	Publisher = {Cambridge Univ Press},
	Title = {Who Is Punished? Regional Intergovernmental Organizations and the Enforcement of Democratic Norms},
	Volume = {64},
	Year = {2010}}

@article{Moravcsik:2000aa,
	Author = {Moravcsik, Andrew},
	Date = {2000},
	Date-Added = {2017-04-20 01:20:07 +0000},
	Date-Modified = {2017-04-20 01:20:07 +0000},
	Journal = {International Organization},
	Pages = {217-252 %@ 0020-8183},
	Publisher = {JSTOR},
	Title = {The Origins of Human Rights Regimes: Democratic Delegation in Postwar Europe},
	Year = {2000}}

@article{Hill-Jr:2016aa,
	Author = {Hill Jr, Daniel W},
	Date = {2016},
	Date-Added = {2017-04-20 01:17:10 +0000},
	Date-Modified = {2017-04-20 01:17:10 +0000},
	Journal = {Journal of Conflict Resolution},
	Number = {6},
	Pages = {1129-1158 %@ 0022-0027},
	Publisher = {SAGE Publications Sage CA: Los Angeles, CA},
	Title = {Avoiding Obligation: Reservations to Human Rights Treaties},
	Volume = {60},
	Year = {2016}}

@article{Chilton:2013aa,
	Author = {Chilton, Adam and Tingley, Dustin},
	Date = {2013},
	Date-Added = {2017-04-20 01:17:10 +0000},
	Date-Modified = {2017-04-20 01:17:10 +0000},
	Journal = {Colum. J. Transnat'l L.},
	Pages = {173},
	Publisher = {HeinOnline},
	Title = {Why the Study of International Law Needs Experiments},
	Volume = {52},
	Year = {2013}}

@article{Donno:2015aa,
	Author = {Donno, Daniela and Metzger, Shawna K and Russett, Bruce},
	Date = {2015},
	Date-Added = {2017-04-20 01:17:10 +0000},
	Date-Modified = {2017-04-20 01:17:10 +0000},
	Journal = {International Studies Quarterly},
	Number = {2},
	Pages = {251-263 %@ 1468-2478},
	Publisher = {Wiley Online Library},
	Title = {Screening Out Risk: IGOs, Member State Selection, and Interstate Conflict, 1951--2000},
	Volume = {59},
	Year = {2015}}

@article{Gray:2012aa,
	Author = {Gray, Julia and Slapin, Jonathan B},
	Date = {2012},
	Date-Added = {2017-04-20 01:17:10 +0000},
	Date-Modified = {2017-04-20 01:17:10 +0000},
	Journal = {The Review of International Organizations},
	Number = {3},
	Pages = {309-333 %@ 1559-7431},
	Publisher = {Springer},
	Title = {How Effective Are Preferential Trade Agreements? Ask the Experts},
	Volume = {7},
	Year = {2012}}

@article{Cole:2015ac,
	Author = {Cole, Wade M},
	Date = {2015},
	Date-Added = {2017-04-20 01:17:10 +0000},
	Date-Modified = {2017-04-20 01:17:10 +0000},
	Journal = {International Organization},
	Number = {02},
	Pages = {405-441 %@ 1531-5088},
	Publisher = {Cambridge Univ Press},
	Title = {Mind the Gap: State Capacity and the Implementation of Human Rights Treaties},
	Volume = {69},
	Year = {2015}}

@article{Simmons:2005ab,
	Author = {Simmons, Beth a and Hopkins, Daniel J},
	Date = {2005},
	Date-Added = {2017-04-20 01:17:10 +0000},
	Date-Modified = {2017-04-20 01:17:10 +0000},
	Journal = {American Political Science Review},
	Number = {04},
	Pages = {623-631 %@ 1537-5943},
	Publisher = {Cambridge Univ Press},
	Title = {The Constraining Power of International Treaties: Theory and Methods},
	Volume = {99},
	Year = {2005}}

@article{Von-Stein:2005aa,
	Author = {Von Stein, Jana},
	Date = {2005},
	Date-Added = {2017-04-20 01:17:10 +0000},
	Date-Modified = {2017-04-20 01:17:10 +0000},
	Journal = {American Political Science Review},
	Number = {04},
	Pages = {611-622 %@ 1537-5943},
	Publisher = {Cambridge Univ Press},
	Title = {Do Treaties Constrain or Screen? Selection Bias and Treaty Compliance},
	Volume = {99},
	Year = {2005}}

@article{Kahler:2000ab,
	Author = {Kahler, Miles},
	Date = {2000},
	Date-Added = {2017-04-20 01:17:10 +0000},
	Date-Modified = {2017-04-20 01:17:10 +0000},
	Journal = {International Organization},
	Number = {03},
	Pages = {661-683 %@ 1531-5088},
	Publisher = {Cambridge Univ Press},
	Title = {Conclusion: The Causes and Consequences of Legalization},
	Volume = {54},
	Year = {2000}}

@article{Copelovitch:2014ac,
	Author = {Copelovitch, Mark S and Putnam, Tonya L},
	Date = {2014},
	Date-Added = {2017-04-20 01:13:19 +0000},
	Date-Modified = {2017-04-20 01:13:19 +0000},
	Journal = {International Organization},
	Number = {02},
	Pages = {471-493 %@ 1531-5088},
	Publisher = {Cambridge Univ Press},
	Title = {Design in Context: Existing International Agreements and New Cooperation},
	Volume = {68},
	Year = {2014}}

@article{Chapman:2013aa,
	Author = {Chapman, Terrence L and Chaudoin, Stephen},
	Date = {2013},
	Date-Added = {2017-04-20 01:13:19 +0000},
	Date-Modified = {2017-04-20 01:13:19 +0000},
	Journal = {International Studies Quarterly},
	Number = {2},
	Pages = {400-409 %@ 1468-2478},
	Publisher = {Wiley Online Library},
	Title = {Ratification Patterns and the International Criminal Court1},
	Volume = {57},
	Year = {2013}}

@article{Tallberg:2014ac,
	Author = {Tallberg, Jonas and Sommerer, Thomas and Squatrito, Theresa and J{\"o}nsson, Christer},
	Date = {2014},
	Date-Added = {2017-04-20 01:13:19 +0000},
	Date-Modified = {2017-04-20 01:13:19 +0000},
	Journal = {International Organization},
	Number = {04},
	Pages = {741-774 %@ 1531-5088},
	Publisher = {Cambridge Univ Press},
	Title = {Explaining the Transnational Design of International Organizations},
	Volume = {68},
	Year = {2014}}

@article{Gilligan:2004ab,
	Author = {Gilligan, Michael J},
	Date = {2004},
	Date-Added = {2017-04-20 01:13:19 +0000},
	Date-Modified = {2017-04-20 01:13:19 +0000},
	Journal = {International Organization},
	Number = {03},
	Pages = {459-484 %@ 1531-5088},
	Publisher = {Cambridge Univ Press},
	Title = {Is There a Broader-Deeper Trade-Off in International Multilateral Agreements?},
	Volume = {58},
	Year = {2004}}

@article{Koremenos:2001ac,
	Author = {Koremenos, Barbara and Lipson, Charles and Snidal, Duncan},
	Date = {2001},
	Date-Added = {2017-04-20 01:13:19 +0000},
	Date-Modified = {2017-04-20 01:13:19 +0000},
	Journal = {International organization},
	Number = {04},
	Pages = {761-799 %@ 1531-5088},
	Publisher = {Cambridge Univ Press},
	Title = {The Rational Design of International Institutions},
	Volume = {55},
	Year = {2001}}

@article{Abbott:2000ab,
	Author = {Abbott, Kenneth W and Snidal, Duncan},
	Date = {2000},
	Date-Added = {2017-04-20 01:13:19 +0000},
	Date-Modified = {2017-04-20 01:13:19 +0000},
	Journal = {International organization},
	Number = {03},
	Pages = {421-456 %@ 1531-5088},
	Publisher = {Cambridge Univ Press},
	Title = {Hard and Soft Law in International Governance},
	Volume = {54},
	Year = {2000}}

@article{Salehyan:2006ab,
	Author = {Salehyan, Idean and Gleditsch, Kristian Skrede},
	Date = {2006},
	Date-Added = {2017-04-20 01:09:27 +0000},
	Date-Modified = {2017-04-20 01:09:27 +0000},
	Journal = {International Organization},
	Pages = {335-366 %@ 0020-8183},
	Publisher = {JSTOR},
	Title = {Refugees and the Spread of Civil War},
	Year = {2006}}

@article{Fortna:2004ab,
	Author = {Fortna, Virginia Page},
	Date = {2004},
	Date-Added = {2017-04-20 01:09:27 +0000},
	Date-Modified = {2017-04-20 01:09:27 +0000},
	Journal = {International studies quarterly},
	Number = {2},
	Pages = {269-292 %@ 1468-2478},
	Publisher = {Wiley Online Library},
	Title = {Does Peacekeeping Keep Peace? International Intervention and the Duration of Peace After Civil War},
	Volume = {48},
	Year = {2004}}

@article{Fearon:2003ab,
	Author = {Fearon, James D and Laitin, David D},
	Date = {2003},
	Date-Added = {2017-04-20 01:09:27 +0000},
	Date-Modified = {2017-04-20 01:09:27 +0000},
	Journal = {American political science review},
	Number = {01},
	Pages = {75-90 %@ 1537-5943},
	Publisher = {Cambridge Univ Press},
	Title = {Ethnicity, Insurgency, and Civil War},
	Volume = {97},
	Year = {2003}}

@article{Wood:2012ab,
	Author = {Wood, Reed M and Kathman, Jacob D and Gent, Stephen E},
	Date = {2012},
	Date-Added = {2017-04-20 01:09:27 +0000},
	Date-Modified = {2017-04-20 01:09:27 +0000},
	Journal = {Journal of Peace Research},
	Number = {5},
	Pages = {647-660 %@ 0022-3433},
	Publisher = {Sage Publications Sage UK: London, England},
	Title = {Armed Intervention and Civilian Victimization in Intrastate Conflicts},
	Volume = {49},
	Year = {2012}}

@article{Kalyvas:2010ab,
	Author = {Kalyvas, Stathis N and Balcells, Laia},
	Date = {2010},
	Date-Added = {2017-04-20 01:09:27 +0000},
	Date-Modified = {2017-04-20 01:09:27 +0000},
	Journal = {American Political Science Review},
	Number = {03},
	Pages = {415-429 %@ 1537-5943},
	Publisher = {Cambridge Univ Press},
	Title = {International System and Technologies of Rebellion: How the End of the Cold War Shaped Internal Conflict},
	Volume = {104},
	Year = {2010}}

@article{Salehyan:2008ab,
	Author = {Salehyan, Idean},
	Date = {2008},
	Date-Added = {2017-04-20 01:09:27 +0000},
	Date-Modified = {2017-04-20 01:09:27 +0000},
	Journal = {American Journal of Political Science},
	Number = {4},
	Pages = {787-801 %@ 1540-5907},
	Publisher = {Wiley Online Library},
	Title = {The Externalities of Civil Strife: Refugees as a Source of International Conflict},
	Volume = {52},
	Year = {2008}}

@article{Walter:2009ab,
	Author = {Walter, Barbara F},
	Date = {2009},
	Date-Added = {2017-04-20 01:09:27 +0000},
	Date-Modified = {2017-04-20 01:09:27 +0000},
	Journal = {Annual Review of Political Science},
	Pages = {243-261 %@ 1094-2939},
	Publisher = {Annual Reviews},
	Title = {Bargaining Failures and Civil War},
	Volume = {12},
	Year = {2009}}

@article{Gourevitch:1978ab,
	Author = {Gourevitch, Peter},
	Date = {1978},
	Date-Added = {2017-04-20 01:09:27 +0000},
	Date-Modified = {2017-04-20 01:09:27 +0000},
	Journal = {International Organization},
	Number = {04},
	Pages = {881-912 %@ 1531-5088},
	Publisher = {Cambridge Univ Press},
	Title = {The Second Image Reversed: The International Sources of Domestic Politics},
	Volume = {32},
	Year = {1978}}

@article{Wagner:2000ad,
	Author = {Wagner, R Harrison},
	Date = {2000},
	Date-Added = {2017-04-20 01:04:23 +0000},
	Date-Modified = {2017-04-20 01:04:23 +0000},
	Journal = {American Journal of Political Science},
	Pages = {469-484 %@ 0092-5853},
	Publisher = {JSTOR},
	Title = {Bargaining and War},
	Year = {2000}}

@article{Kenwick:2015ac,
	Author = {Kenwick, Michael R and Vasquez, John a and Powers, Matthew A},
	Date = {2015},
	Date-Added = {2017-04-20 01:04:23 +0000},
	Date-Modified = {2017-04-20 01:04:23 +0000},
	Journal = {The Journal of Politics},
	Number = {4},
	Pages = {943-954 %@ 0022-3816},
	Publisher = {University of Chicago Press Chicago, IL},
	Title = {Do Alliances Really Deter?},
	Volume = {77},
	Year = {2015}}

@article{Walter:1997ab,
	Author = {Walter, Barbara F},
	Date = {1997},
	Date-Added = {2017-04-20 01:04:23 +0000},
	Date-Modified = {2017-04-20 01:04:23 +0000},
	Journal = {International organization},
	Number = {03},
	Pages = {335-364 %@ 1531-5088},
	Publisher = {Cambridge Univ Press},
	Title = {The Critical Barrier to Civil War Settlement},
	Volume = {51},
	Year = {1997}}

@article{Fearon:1994ab,
	Author = {Fearon, James D},
	Date = {1994},
	Date-Added = {2017-04-20 01:04:23 +0000},
	Date-Modified = {2017-04-20 01:04:23 +0000},
	Journal = {American Political Science Review},
	Number = {03},
	Pages = {577-592 %@ 1537-5943},
	Publisher = {Cambridge Univ Press},
	Title = {Domestic Political Audiences and the Escalation of International Disputes.},
	Volume = {88},
	Year = {1994}}

@article{Leeds:2003ab,
	Author = {Leeds, Brett Ashley},
	Date = {2003},
	Date-Added = {2017-04-20 01:04:23 +0000},
	Date-Modified = {2017-04-20 01:04:23 +0000},
	Journal = {International Organization},
	Number = {04},
	Pages = {801-827 %@ 1531-5088},
	Publisher = {Cambridge Univ Press},
	Title = {Alliance Reliability in Times of War: Explaining State Decisions to Violate Treaties},
	Volume = {57},
	Year = {2003}}

@article{Shannon:2010ac,
	Author = {Shannon, Megan and Morey, Daniel and Boehmke, Frederick J},
	Date = {2010},
	Date-Added = {2017-04-20 01:04:23 +0000},
	Date-Modified = {2017-04-20 01:04:23 +0000},
	Journal = {International Studies Quarterly},
	Number = {4},
	Pages = {1123-1141 %@ 1468-2478},
	Publisher = {Wiley Online Library},
	Title = {The Influence of International Organizations on Militarized Dispute Initiation and Duration1},
	Volume = {54},
	Year = {2010}}

@article{Croco:2011ab,
	Author = {Croco, Sarah E},
	Date = {2011},
	Date-Added = {2017-04-20 01:04:23 +0000},
	Date-Modified = {2017-04-20 01:04:23 +0000},
	Journal = {American Political Science Review},
	Number = {03},
	Pages = {457-477 %@ 1537-5943},
	Publisher = {Cambridge Univ Press},
	Title = {The Decider's Dilemma: Leader Culpability, War Outcomes, and Domestic Punishment},
	Volume = {105},
	Year = {2011}}

@article{Goemans:2000ab,
	Author = {Goemans, Hein E},
	Date = {2000},
	Date-Added = {2017-04-20 01:04:23 +0000},
	Date-Modified = {2017-04-20 01:04:23 +0000},
	Journal = {Journal of Conflict Resolution},
	Number = {5},
	Pages = {555-579 %@ 0022-0027},
	Publisher = {Sage Publications},
	Title = {Fighting for Survival the Fate of Leaders and the Duration of War},
	Volume = {44},
	Year = {2000}}

@article{Filson:2002ab,
	Author = {Filson, Darren and Werner, Suzanne},
	Date = {2002},
	Date-Added = {2017-04-20 01:04:23 +0000},
	Date-Modified = {2017-04-20 01:04:23 +0000},
	Journal = {American Journal of Political Science},
	Pages = {819-837 %@ 0092-5853},
	Publisher = {JSTOR},
	Title = {A Bargaining Model of War and Peace: Anticipating the Onset, Duration, and Outcome of War},
	Year = {2002}}

@article{Slantchev:2004ab,
	Author = {Slantchev, Branislav L},
	Date = {2004},
	Date-Added = {2017-04-20 01:04:23 +0000},
	Date-Modified = {2017-04-20 01:04:23 +0000},
	Journal = {American Journal of Political Science},
	Number = {4},
	Pages = {813-829 %@ 1540-5907},
	Publisher = {Wiley Online Library},
	Title = {How Initiators End Their Wars: The Duration of Warfare and the Terms of Peace},
	Volume = {48},
	Year = {2004}}

@article{Fearon:1995ab,
	Author = {Fearon, James D},
	Date = {1995},
	Date-Added = {2017-04-20 00:25:46 +0000},
	Date-Modified = {2017-04-20 00:25:46 +0000},
	Journal = {International organization},
	Number = {03},
	Pages = {379-414 %@ 1531-5088},
	Publisher = {Cambridge Univ Press},
	Title = {Rationalist Explanations for War},
	Volume = {49},
	Year = {1995}}

@article{Jervis:1978ab,
	Author = {Jervis, Robert},
	Date = {1978},
	Date-Added = {2017-04-20 00:25:46 +0000},
	Date-Modified = {2017-04-20 00:25:46 +0000},
	Journal = {World politics},
	Number = {02},
	Pages = {167-214 %@ 1086-3338},
	Publisher = {Cambridge Univ Press},
	Title = {Cooperation Under the Security Dilemma},
	Volume = {30},
	Year = {1978}}

@article{Powell:2006ab,
	Author = {Powell, Robert},
	Date = {2006},
	Date-Added = {2017-04-20 00:25:46 +0000},
	Date-Modified = {2017-04-20 00:25:46 +0000},
	Journal = {International organization},
	Number = {01},
	Pages = {169-203 %@ 1531-5088},
	Publisher = {Cambridge Univ Press},
	Title = {War as a Commitment Problem},
	Volume = {60},
	Year = {2006}}

@article{Schultz:1999ab,
	Author = {Schultz, Kenneth A},
	Date = {1999},
	Date-Added = {2017-04-20 00:25:46 +0000},
	Date-Modified = {2017-04-20 00:25:46 +0000},
	Journal = {International Organization},
	Number = {02},
	Pages = {233-266 %@ 1531-5088},
	Publisher = {Cambridge Univ Press},
	Title = {Do Democratic Institutions Constrain or Inform? Contrasting Two Institutional Perspectives on Democracy and War},
	Volume = {53},
	Year = {1999}}

@article{Smith:1995ac,
	Author = {Smith, Alastair},
	Date = {1995},
	Date-Added = {2017-04-20 00:25:46 +0000},
	Date-Modified = {2017-04-20 00:25:46 +0000},
	Journal = {International Studies Quarterly},
	Number = {4},
	Pages = {405-425 %@ 0020-8833},
	Publisher = {The Oxford University Press},
	Title = {Alliance Formation and War},
	Volume = {39},
	Year = {1995}}

@article{Johnson:2011aa,
	Author = {Johnson, Jesse C and Leeds, Brett Ashley},
	Date = {2011},
	Date-Added = {2017-04-20 00:25:46 +0000},
	Date-Modified = {2017-04-20 00:25:46 +0000},
	Journal = {Foreign Policy Analysis},
	Number = {1},
	Pages = {45-65 %@ 1743-8594},
	Publisher = {Wiley Online Library},
	Title = {Defense Pacts: A Prescription for Peace? 1},
	Volume = {7},
	Year = {2011}}

@article{Wagner:2000ac,
	Author = {Wagner, R Harrison},
	Date = {2000},
	Date-Added = {2017-04-20 00:25:46 +0000},
	Date-Modified = {2017-04-20 00:25:46 +0000},
	Journal = {American Journal of Political Science},
	Pages = {469-484 %@ 0092-5853},
	Publisher = {JSTOR},
	Title = {Bargaining and War},
	Year = {2000}}

@article{Kenwick:2015ab,
	Author = {Kenwick, Michael R and Vasquez, John a and Powers, Matthew A},
	Date = {2015},
	Date-Added = {2017-04-20 00:25:46 +0000},
	Date-Modified = {2017-04-20 00:25:46 +0000},
	Journal = {The Journal of Politics},
	Number = {4},
	Pages = {943-954 %@ 0022-3816},
	Publisher = {University of Chicago Press Chicago, IL},
	Title = {Do Alliances Really Deter?},
	Volume = {77},
	Year = {2015}}

@article{Levy:1997ab,
	Author = {Jack S. Levy},
	Date-Added = {2017-04-20 00:20:27 +0000},
	Date-Modified = {2017-04-20 00:20:27 +0000},
	Doi = {10.1111/0020-8833.00034},
	Journal = {International Studies Quarterly},
	Month = {mar},
	Number = {1},
	Pages = {87--112},
	Publisher = {Oxford University Press ({OUP})},
	Title = {Prospect Theory, Rational Choice, and International Relations},
	Url = {https://doi.org/10.1111\%2F0020-8833.00034},
	Volume = {41},
	Year = 1997,
	Bdsk-Url-1 = {https://doi.org/10.1111%5C%2F0020-8833.00034},
	Bdsk-Url-2 = {http://dx.doi.org/10.1111/0020-8833.00034}}

@incollection{Lake:1999aa,
	Author = {Lake, David a and Powell, Robert},
	Booktitle = {Strategic choice and international relations},
	Chapter = {1},
	Date = {1999},
	Date-Added = {2017-04-20 00:14:03 +0000},
	Date-Modified = {2017-04-28 18:52:53 +0000},
	Editor = {Lake, David A and Powell, Robert},
	Publisher = {Princeton University Press Princeton, NJ},
	Title = {International Relations: A Strategic-Choice Approach},
	Year = {1999}}

@incollection{Rogowski:1999aa,
	Author = {Rogowski, Ronald},
	Booktitle = {Strategic choice and international relations},
	Date = {1999},
	Date-Added = {2017-04-20 00:11:29 +0000},
	Date-Modified = {2017-04-20 00:29:58 +0000},
	Editor = {Lake, David A and Powell, Robert},
	Pages = {115-136},
	Publisher = {Princeton: Princeton University Press},
	Title = {Institutions as Constraints on Strategic Choice},
	Year = {1999}}

@incollection{Morrow:1999aa,
	Author = {Morrow, James D},
	Booktitle = {Strategic choice and international relations},
	Date = {1999},
	Date-Added = {2017-04-19 23:54:48 +0000},
	Date-Modified = {2017-04-20 00:30:04 +0000},
	Editor = {Lake, David A and Powell, Robert},
	Pages = {77-114},
	Publisher = {Princeton University Press Princeton, NJ},
	Title = {The Strategic Setting of Choices: Signaling, Commitment, and Negotiation in International Politics},
	Year = {1999}}

@article{PELC:2014aa,
	Author = {Krzysztof J. Pelc},
	Date-Added = {2017-04-09 06:39:20 +0000},
	Date-Modified = {2017-04-09 06:39:20 +0000},
	Doi = {10.1017/s0003055414000276},
	Journal = {American Political Science Review},
	Month = {aug},
	Number = {03},
	Pages = {547--564},
	Publisher = {Cambridge University Press ({CUP})},
	Title = {The Politics of Precedent in International Law: A Social Network Application},
	Url = {https://doi.org/10.1017\%2Fs0003055414000276},
	Volume = {108},
	Year = 2014,
	Bdsk-Url-1 = {https://doi.org/10.1017%5C%2Fs0003055414000276},
	Bdsk-Url-2 = {http://dx.doi.org/10.1017/s0003055414000276}}

@article{HUTH:2011aa,
	Author = {Paul K. Huth and Sarah E. Croco and Benjamin J. Appel},
	Date-Added = {2017-04-09 06:32:37 +0000},
	Date-Modified = {2017-04-09 06:32:37 +0000},
	Doi = {10.1017/s0003055411000062},
	Journal = {American Political Science Review},
	Month = {apr},
	Number = {02},
	Pages = {415--436},
	Publisher = {Cambridge University Press ({CUP})},
	Title = {Does International Law Promote the Peaceful Settlement of International Disputes? Evidence From the Study of Territorial Conflicts Since 1945},
	Url = {https://doi.org/10.1017\%2Fs0003055411000062},
	Volume = {105},
	Year = 2011,
	Bdsk-Url-1 = {https://doi.org/10.1017%5C%2Fs0003055411000062},
	Bdsk-Url-2 = {http://dx.doi.org/10.1017/s0003055411000062}}

@article{Chayes:1993aa,
	Author = {Abram Chayes and Antonia Handler Chayes},
	Date-Added = {2017-04-09 06:31:57 +0000},
	Date-Modified = {2017-04-09 06:31:57 +0000},
	Doi = {10.1017/s0020818300027910},
	Journal = {International Organization},
	Month = {mar},
	Number = {02},
	Pages = {175},
	Publisher = {Cambridge University Press ({CUP})},
	Title = {On Compliance},
	Url = {https://doi.org/10.1017\%2Fs0020818300027910},
	Volume = {47},
	Year = 1993,
	Bdsk-Url-1 = {https://doi.org/10.1017%5C%2Fs0020818300027910},
	Bdsk-Url-2 = {http://dx.doi.org/10.1017/s0020818300027910}}

@article{Conrad:2013aa,
	Author = {Courtenay R. Conrad and Emily Hencken Ritter},
	Date-Added = {2017-04-09 06:30:53 +0000},
	Date-Modified = {2017-04-09 06:30:53 +0000},
	Doi = {10.1017/s0022381613000091},
	Journal = {The Journal of Politics},
	Month = {apr},
	Number = {2},
	Pages = {397--409},
	Publisher = {University of Chicago Press},
	Title = {Treaties, Tenure, and Torture: The Conflicting Domestic Effects of International Law},
	Url = {https://doi.org/10.1017\%2Fs0022381613000091},
	Volume = {75},
	Year = 2013,
	Bdsk-Url-1 = {https://doi.org/10.1017%5C%2Fs0022381613000091},
	Bdsk-Url-2 = {http://dx.doi.org/10.1017/s0022381613000091}}

@article{MORROW:2007aa,
	Author = {James D. Morrow},
	Date-Added = {2017-04-09 06:30:09 +0000},
	Date-Modified = {2017-04-09 06:30:09 +0000},
	Doi = {10.1017/s000305540707027x},
	Journal = {American Political Science Review},
	Month = {jul},
	Number = {03},
	Pages = {559--572},
	Publisher = {Cambridge University Press ({CUP})},
	Title = {When Do States Follow the Laws of War?},
	Url = {https://doi.org/10.1017\%2Fs000305540707027x},
	Volume = {101},
	Year = 2007,
	Bdsk-Url-1 = {https://doi.org/10.1017%5C%2Fs000305540707027x},
	Bdsk-Url-2 = {http://dx.doi.org/10.1017/s000305540707027x}}

@article{GRANT:2005aa,
	Author = {Ruth W. Grant and Robert O. Keohane},
	Date-Added = {2017-04-09 06:29:12 +0000},
	Date-Modified = {2017-04-09 06:29:12 +0000},
	Doi = {10.1017/s0003055405051476},
	Journal = {American Political Science Review},
	Month = {feb},
	Number = {01},
	Publisher = {Cambridge University Press ({CUP})},
	Title = {Accountability and Abuses of Power in World Politics},
	Url = {https://doi.org/10.1017\%2Fs0003055405051476},
	Volume = {99},
	Year = 2005,
	Bdsk-Url-1 = {https://doi.org/10.1017%5C%2Fs0003055405051476},
	Bdsk-Url-2 = {http://dx.doi.org/10.1017/s0003055405051476}}

@article{Finnemore:1998ab,
	Author = {Martha Finnemore and Kathryn Sikkink},
	Date-Added = {2017-04-09 06:28:16 +0000},
	Date-Modified = {2017-04-09 06:28:16 +0000},
	Doi = {10.1162/002081898550789},
	Journal = {International Organization},
	Month = {oct},
	Number = {4},
	Pages = {887--917},
	Publisher = {Cambridge University Press ({CUP})},
	Title = {International Norm Dynamics and Political Change},
	Url = {https://doi.org/10.1162\%2F002081898550789},
	Volume = {52},
	Year = 1998,
	Bdsk-Url-1 = {https://doi.org/10.1162%5C%2F002081898550789},
	Bdsk-Url-2 = {http://dx.doi.org/10.1162/002081898550789}}

@article{Lupu:2013aa,
	Author = {Yonatan Lupu},
	Date-Added = {2017-04-09 06:27:08 +0000},
	Date-Modified = {2017-04-09 06:27:08 +0000},
	Doi = {10.1017/s002081831300012x},
	Journal = {International Organization},
	Month = {jul},
	Number = {03},
	Pages = {469--503},
	Publisher = {Cambridge University Press ({CUP})},
	Title = {Best Evidence: The Role of Information in Domestic Judicial Enforcement of International Human Rights Agreements},
	Url = {https://doi.org/10.1017\%2Fs002081831300012x},
	Volume = {67},
	Year = 2013,
	Bdsk-Url-1 = {https://doi.org/10.1017%5C%2Fs002081831300012x},
	Bdsk-Url-2 = {http://dx.doi.org/10.1017/s002081831300012x}}

@article{CHAPMAN:2012ab,
	Author = {Terrence L. Chapman and Stephen Chaudoin},
	Date-Added = {2017-04-09 06:26:16 +0000},
	Date-Modified = {2017-04-09 06:26:16 +0000},
	Doi = {10.1111/isqu.12005},
	Journal = {International Studies Quarterly},
	Month = {nov},
	Number = {2},
	Pages = {400--409},
	Publisher = {Oxford University Press ({OUP})},
	Title = {Ratification Patterns and the International Criminal Court1},
	Url = {https://doi.org/10.1111\%2Fisqu.12005},
	Volume = {57},
	Year = 2012,
	Bdsk-Url-1 = {https://doi.org/10.1111%5C%2Fisqu.12005},
	Bdsk-Url-2 = {http://dx.doi.org/10.1111/isqu.12005}}

@article{Abbott:1998aa,
	Author = {Kenneth W. Abbott and Duncan Snidal},
	Date-Added = {2017-04-09 06:25:44 +0000},
	Date-Modified = {2017-04-09 06:25:44 +0000},
	Doi = {10.1177/0022002798042001001},
	Journal = {Journal of Conflict Resolution},
	Month = {feb},
	Number = {1},
	Pages = {3--32},
	Publisher = {{SAGE} Publications},
	Title = {Why States Act Through Formal International Organizations},
	Url = {https://doi.org/10.1177\%2F0022002798042001001},
	Volume = {42},
	Year = 1998,
	Bdsk-Url-1 = {https://doi.org/10.1177%5C%2F0022002798042001001},
	Bdsk-Url-2 = {http://dx.doi.org/10.1177/0022002798042001001}}

@article{Chaudoin:2016aa,
	Author = {Stephen Chaudoin},
	Date-Added = {2017-04-09 06:23:04 +0000},
	Date-Modified = {2017-04-09 06:23:04 +0000},
	Doi = {10.1086/684595},
	Journal = {The Journal of Politics},
	Month = {apr},
	Number = {2},
	Pages = {557--571},
	Publisher = {University of Chicago Press},
	Title = {How Contestation Moderates the Effects of International Institutions: The International Criminal Court and Kenya},
	Url = {https://doi.org/10.1086\%2F684595},
	Volume = {78},
	Year = 2016,
	Bdsk-Url-1 = {https://doi.org/10.1086%5C%2F684595},
	Bdsk-Url-2 = {http://dx.doi.org/10.1086/684595}}

@article{Donno:2010aa,
	Author = {Daniela Donno},
	Date-Added = {2017-04-09 06:20:57 +0000},
	Date-Modified = {2017-04-09 06:20:57 +0000},
	Doi = {10.1017/s0020818310000202},
	Journal = {International Organization},
	Month = {oct},
	Number = {04},
	Pages = {593--625},
	Publisher = {Cambridge University Press ({CUP})},
	Title = {Who Is Punished? Regional Intergovernmental Organizations and the Enforcement of Democratic Norms},
	Url = {https://doi.org/10.1017\%2Fs0020818310000202},
	Volume = {64},
	Year = 2010,
	Bdsk-Url-1 = {https://doi.org/10.1017%5C%2Fs0020818310000202},
	Bdsk-Url-2 = {http://dx.doi.org/10.1017/s0020818310000202}}

@article{Cole:2015ab,
	Author = {Wade M. Cole},
	Date-Added = {2017-04-09 06:18:42 +0000},
	Date-Modified = {2017-04-09 06:18:42 +0000},
	Doi = {10.1017/s002081831400040x},
	Journal = {International Organization},
	Number = {02},
	Pages = {405--441},
	Publisher = {Cambridge University Press ({CUP})},
	Title = {Mind the Gap: State Capacity and the Implementation of Human Rights Treaties},
	Url = {https://doi.org/10.1017\%2Fs002081831400040x},
	Volume = {69},
	Year = 2015,
	Bdsk-Url-1 = {https://doi.org/10.1017%5C%2Fs002081831400040x},
	Bdsk-Url-2 = {http://dx.doi.org/10.1017/s002081831400040x}}

@article{Neumayer:2005ab,
	Author = {E. Neumayer},
	Date-Added = {2017-04-09 06:16:23 +0000},
	Date-Modified = {2017-04-09 06:16:23 +0000},
	Doi = {10.1177/0022002705281667},
	Journal = {Journal of Conflict Resolution},
	Month = {dec},
	Number = {6},
	Pages = {925--953},
	Publisher = {{SAGE} Publications},
	Title = {Do International Human Rights Treaties Improve Respect for Human Rights?},
	Url = {https://doi.org/10.1177\%2F0022002705281667},
	Volume = {49},
	Year = 2005,
	Bdsk-Url-1 = {https://doi.org/10.1177%5C%2F0022002705281667},
	Bdsk-Url-2 = {http://dx.doi.org/10.1177/0022002705281667}}

@article{Simmons:2010ab,
	Author = {Beth a. Simmons and Allison Danner},
	Date-Added = {2017-04-09 06:16:08 +0000},
	Date-Modified = {2017-04-09 06:16:08 +0000},
	Doi = {10.1017/s0020818310000044},
	Journal = {International Organization},
	Month = {apr},
	Number = {02},
	Pages = {225},
	Publisher = {Cambridge University Press ({CUP})},
	Title = {Credible Commitments and the International Criminal Court},
	Url = {https://doi.org/10.1017\%2Fs0020818310000044},
	Volume = {64},
	Year = 2010,
	Bdsk-Url-1 = {https://doi.org/10.1017%5C%2Fs0020818310000044},
	Bdsk-Url-2 = {http://dx.doi.org/10.1017/s0020818310000044}}

@article{Davenport:2004aa,
	Author = {Christian Davenport and David a. Armstrong},
	Date-Added = {2017-04-09 06:15:31 +0000},
	Date-Modified = {2017-04-09 06:15:31 +0000},
	Doi = {10.1111/j.0092-5853.2004.00086.x},
	Journal = {American Journal of Political Science},
	Month = {jul},
	Number = {3},
	Pages = {538--554},
	Publisher = {Wiley-Blackwell},
	Title = {Democracy and the Violation of Human Rights: A Statistical Analysis From 1976 to 1996},
	Url = {https://doi.org/10.1111\%2Fj.0092-5853.2004.00086.x},
	Volume = {48},
	Year = 2004,
	Bdsk-Url-1 = {https://doi.org/10.1111%5C%2Fj.0092-5853.2004.00086.x},
	Bdsk-Url-2 = {http://dx.doi.org/10.1111/j.0092-5853.2004.00086.x}}

@article{Vreeland:2008aa,
	Author = {James Raymond Vreeland},
	Date-Added = {2017-04-09 06:15:10 +0000},
	Date-Modified = {2017-04-09 06:15:10 +0000},
	Doi = {10.1017/s002081830808003x},
	Journal = {International Organization},
	Month = {jan},
	Number = {01},
	Publisher = {Cambridge University Press ({CUP})},
	Title = {Political Institutions and Human Rights: Why Dictatorships Enter Into the United Nations Convention Against Torture},
	Url = {https://doi.org/10.1017\%2Fs002081830808003x},
	Volume = {62},
	Year = 2008,
	Bdsk-Url-1 = {https://doi.org/10.1017%5C%2Fs002081830808003x},
	Bdsk-Url-2 = {http://dx.doi.org/10.1017/s002081830808003x}}

@article{Salehyan:2011aa,
	Author = {Idean Salehyan and Kristian Skrede Gleditsch and David E. Cunningham},
	Date-Added = {2017-04-09 06:14:15 +0000},
	Date-Modified = {2017-04-09 06:14:15 +0000},
	Doi = {10.1017/s0020818311000233},
	Journal = {International Organization},
	Month = {oct},
	Number = {04},
	Pages = {709--744},
	Publisher = {Cambridge University Press ({CUP})},
	Title = {Explaining External Support for Insurgent Groups},
	Url = {https://doi.org/10.1017\%2Fs0020818311000233},
	Volume = {65},
	Year = 2011,
	Bdsk-Url-1 = {https://doi.org/10.1017%5C%2Fs0020818311000233},
	Bdsk-Url-2 = {http://dx.doi.org/10.1017/s0020818311000233}}

@article{Keith:2009aa,
	Author = {Linda Camp Keith and C. Neal Tate and Steven C. Poe},
	Date-Added = {2017-04-09 06:13:40 +0000},
	Date-Modified = {2017-04-09 06:13:40 +0000},
	Doi = {10.1017/s0022381609090513},
	Journal = {The Journal of Politics},
	Month = {apr},
	Number = {2},
	Pages = {644--660},
	Publisher = {University of Chicago Press},
	Title = {Is the Law a Mere Parchment Barrier to Human Rights Abuse?},
	Url = {https://doi.org/10.1017\%2Fs0022381609090513},
	Volume = {71},
	Year = 2009,
	Bdsk-Url-1 = {https://doi.org/10.1017%5C%2Fs0022381609090513},
	Bdsk-Url-2 = {http://dx.doi.org/10.1017/s0022381609090513}}

@article{Powell:2009aa,
	Author = {Emilia Justyna Powell and Jeffrey K. Staton},
	Date-Added = {2017-04-09 06:13:01 +0000},
	Date-Modified = {2017-04-09 06:13:01 +0000},
	Doi = {10.1111/j.1468-2478.2008.01527.x},
	Journal = {International Studies Quarterly},
	Month = {mar},
	Number = {1},
	Pages = {149--174},
	Publisher = {Oxford University Press ({OUP})},
	Title = {Domestic Judicial Institutions and Human Rights Treaty Violation},
	Url = {https://doi.org/10.1111\%2Fj.1468-2478.2008.01527.x},
	Volume = {53},
	Year = 2009,
	Bdsk-Url-1 = {https://doi.org/10.1111%5C%2Fj.1468-2478.2008.01527.x},
	Bdsk-Url-2 = {http://dx.doi.org/10.1111/j.1468-2478.2008.01527.x}}

@article{KRAIN:2012aa,
	Author = {Matthew Krain},
	Date-Added = {2017-04-09 06:12:33 +0000},
	Date-Modified = {2017-04-09 06:12:33 +0000},
	Doi = {10.1111/j.1468-2478.2012.00732.x},
	Journal = {International Studies Quarterly},
	Month = {may},
	Number = {3},
	Pages = {574--589},
	Publisher = {Oxford University Press ({OUP})},
	Title = {J'accuse! Does Naming and Shaming Perpetrators Reduce the Severity of Genocides or Politicides?1},
	Url = {https://doi.org/10.1111\%2Fj.1468-2478.2012.00732.x},
	Volume = {56},
	Year = 2012,
	Bdsk-Url-1 = {https://doi.org/10.1111%5C%2Fj.1468-2478.2012.00732.x},
	Bdsk-Url-2 = {http://dx.doi.org/10.1111/j.1468-2478.2012.00732.x}}

@article{Mutua:2009aa,
	Author = {Makau Mutua},
	Date-Added = {2017-04-09 06:12:15 +0000},
	Date-Modified = {2017-04-09 06:12:15 +0000},
	Doi = {10.1353/hrq.0.0089},
	Journal = {Human Rights Quarterly},
	Number = {3},
	Pages = {806--809},
	Publisher = {Johns Hopkins University Press},
	Title = {An Apology for a Pathological Brute},
	Url = {https://doi.org/10.1353\%2Fhrq.0.0089},
	Volume = {31},
	Year = 2009,
	Bdsk-Url-1 = {https://doi.org/10.1353%5C%2Fhrq.0.0089},
	Bdsk-Url-2 = {http://dx.doi.org/10.1353/hrq.0.0089}}

@article{Ghanea:2006aa,
	Author = {Nazila Ghanea},
	Date-Added = {2017-04-09 06:10:23 +0000},
	Date-Modified = {2017-04-09 06:10:23 +0000},
	Doi = {10.1093/iclq/lei112},
	Journal = {International and Comparative Law Quarterly},
	Month = {jul},
	Number = {03},
	Pages = {695--705},
	Publisher = {Cambridge University Press ({CUP})},
	Title = {I. From {Un} Commission on Human Rights to {Un} Human Rights Council: One Step Forwards or Two Steps Sideways?},
	Url = {https://doi.org/10.1093\%2Ficlq\%2Flei112},
	Volume = {55},
	Year = 2006,
	Bdsk-Url-1 = {https://doi.org/10.1093%5C%2Ficlq%5C%2Flei112},
	Bdsk-Url-2 = {http://dx.doi.org/10.1093/iclq/lei112}}

@article{Hafner-Burton:2008aa,
	Author = {Emilie M. Hafner-Burton},
	Date-Added = {2017-04-09 06:08:26 +0000},
	Date-Modified = {2017-04-09 06:08:26 +0000},
	Doi = {10.1017/s0020818308080247},
	Journal = {International Organization},
	Month = {oct},
	Number = {04},
	Pages = {689},
	Publisher = {Cambridge University Press ({CUP})},
	Title = {Sticks and Stones: Naming and Shaming the Human Rights Enforcement Problem},
	Url = {https://doi.org/10.1017\%2Fs0020818308080247},
	Volume = {62},
	Year = 2008,
	Bdsk-Url-1 = {https://doi.org/10.1017%5C%2Fs0020818308080247},
	Bdsk-Url-2 = {http://dx.doi.org/10.1017/s0020818308080247}}

@article{Hill:2010aa,
	Author = {Daniel W. Hill},
	Date-Added = {2017-04-09 06:08:03 +0000},
	Date-Modified = {2017-04-09 06:08:03 +0000},
	Doi = {10.1017/s0022381610000599},
	Journal = {The Journal of Politics},
	Month = {oct},
	Number = {4},
	Pages = {1161--1174},
	Publisher = {University of Chicago Press},
	Title = {Estimating the Effects of Human Rights Treaties on State Behavior},
	Url = {https://doi.org/10.1017\%2Fs0022381610000599},
	Volume = {72},
	Year = 2010,
	Bdsk-Url-1 = {https://doi.org/10.1017%5C%2Fs0022381610000599},
	Bdsk-Url-2 = {http://dx.doi.org/10.1017/s0022381610000599}}

@article{Caplan:2003aa,
	Author = {Lee M. Caplan},
	Date-Added = {2017-04-09 06:07:45 +0000},
	Date-Modified = {2017-04-09 06:07:45 +0000},
	Doi = {10.2307/3133679},
	Journal = {The American Journal of International Law},
	Month = {oct},
	Number = {4},
	Pages = {741},
	Publisher = {{JSTOR}},
	Title = {State Immunity, Human Rights, and Jus Cogens: A Critique of the Normative Hierarchy Theory},
	Url = {https://doi.org/10.2307\%2F3133679},
	Volume = {97},
	Year = 2003,
	Bdsk-Url-1 = {https://doi.org/10.2307%5C%2F3133679},
	Bdsk-Url-2 = {http://dx.doi.org/10.2307/3133679}}

@article{FARISS:2014aa,
	Author = {Christopher J. Fariss},
	Date-Added = {2017-04-09 06:07:20 +0000},
	Date-Modified = {2017-04-09 06:07:20 +0000},
	Doi = {10.1017/s0003055414000070},
	Journal = {American Political Science Review},
	Month = {may},
	Number = {02},
	Pages = {297--318},
	Publisher = {Cambridge University Press ({CUP})},
	Title = {Respect for Human Rights Has Improved Over Time: Modeling the Changing Standard of Accountability},
	Url = {https://doi.org/10.1017\%2Fs0003055414000070},
	Volume = {108},
	Year = 2014,
	Bdsk-Url-1 = {https://doi.org/10.1017%5C%2Fs0003055414000070},
	Bdsk-Url-2 = {http://dx.doi.org/10.1017/s0003055414000070}}

@article{Murdie:2011aa,
	Author = {Amanda M. Murdie and David R. Davis},
	Date-Added = {2017-04-09 06:06:47 +0000},
	Date-Modified = {2017-04-09 06:06:47 +0000},
	Doi = {10.1111/j.1468-2478.2011.00694.x},
	Journal = {International Studies Quarterly},
	Month = {nov},
	Number = {1},
	Pages = {1--16},
	Publisher = {Oxford University Press ({OUP})},
	Title = {Shaming and Blaming: Using Events Data to Assess the Impact of Human Rights {INGOs}1},
	Url = {https://doi.org/10.1111\%2Fj.1468-2478.2011.00694.x},
	Volume = {56},
	Year = 2011,
	Bdsk-Url-1 = {https://doi.org/10.1111%5C%2Fj.1468-2478.2011.00694.x},
	Bdsk-Url-2 = {http://dx.doi.org/10.1111/j.1468-2478.2011.00694.x}}

@article{Cole:2005aa,
	Author = {Wade M. Cole},
	Date-Added = {2017-04-09 06:05:54 +0000},
	Date-Modified = {2017-04-09 06:05:54 +0000},
	Doi = {10.1177/000312240507000306},
	Journal = {American Sociological Review},
	Month = {jun},
	Number = {3},
	Pages = {472--495},
	Publisher = {{SAGE} Publications},
	Title = {Sovereignty Relinquished? Explaining Commitment to the International Human Rights Covenants, 1966-1999},
	Url = {https://doi.org/10.1177\%2F000312240507000306},
	Volume = {70},
	Year = 2005,
	Bdsk-Url-1 = {https://doi.org/10.1177%5C%2F000312240507000306},
	Bdsk-Url-2 = {http://dx.doi.org/10.1177/000312240507000306}}

@article{Meernik:2012aa,
	Author = {James Meernik and Rosa Aloisi and Marsha Sowell and Angela Nichols},
	Date-Added = {2017-04-09 06:05:35 +0000},
	Date-Modified = {2017-04-09 06:05:35 +0000},
	Doi = {10.1177/0022002711431417},
	Journal = {Journal of Conflict Resolution},
	Month = {apr},
	Number = {2},
	Pages = {233--256},
	Publisher = {{SAGE} Publications},
	Title = {The Impact of Human Rights Organizations on Naming and Shaming Campaigns},
	Url = {https://doi.org/10.1177\%2F0022002711431417},
	Volume = {56},
	Year = 2012,
	Bdsk-Url-1 = {https://doi.org/10.1177%5C%2F0022002711431417},
	Bdsk-Url-2 = {http://dx.doi.org/10.1177/0022002711431417}}

@article{Kim:2010aa,
	Author = {Hunjoon Kim and Kathryn Sikkink},
	Date-Added = {2017-04-09 06:04:58 +0000},
	Date-Modified = {2017-04-09 06:04:58 +0000},
	Doi = {10.1111/j.1468-2478.2010.00621.x},
	Journal = {International Studies Quarterly},
	Month = {dec},
	Number = {4},
	Pages = {939--963},
	Publisher = {Oxford University Press ({OUP})},
	Title = {Explaining the Deterrence Effect of Human Rights Prosecutions for Transitional Countries1},
	Url = {https://doi.org/10.1111\%2Fj.1468-2478.2010.00621.x},
	Volume = {54},
	Year = 2010,
	Bdsk-Url-1 = {https://doi.org/10.1111%5C%2Fj.1468-2478.2010.00621.x},
	Bdsk-Url-2 = {http://dx.doi.org/10.1111/j.1468-2478.2010.00621.x}}

@article{Donnelly:1986aa,
	Author = {Jack Donnelly},
	Date-Added = {2017-04-09 06:04:21 +0000},
	Date-Modified = {2017-04-09 06:04:21 +0000},
	Doi = {10.1017/s0020818300027296},
	Journal = {International Organization},
	Month = {jun},
	Number = {03},
	Pages = {599},
	Publisher = {Cambridge University Press ({CUP})},
	Title = {International Human Rights: A Regime Analysis},
	Url = {https://doi.org/10.1017\%2Fs0020818300027296},
	Volume = {40},
	Year = 1986,
	Bdsk-Url-1 = {https://doi.org/10.1017%5C%2Fs0020818300027296},
	Bdsk-Url-2 = {http://dx.doi.org/10.1017/s0020818300027296}}

@article{Neumayer:2005aa,
	Author = {E. Neumayer},
	Date-Added = {2017-04-09 06:03:57 +0000},
	Date-Modified = {2017-04-09 06:03:57 +0000},
	Doi = {10.1177/0022002705281667},
	Journal = {Journal of Conflict Resolution},
	Month = {dec},
	Number = {6},
	Pages = {925--953},
	Publisher = {{SAGE} Publications},
	Title = {Do International Human Rights Treaties Improve Respect for Human Rights?},
	Url = {https://doi.org/10.1177\%2F0022002705281667},
	Volume = {49},
	Year = 2005,
	Bdsk-Url-1 = {https://doi.org/10.1177%5C%2F0022002705281667},
	Bdsk-Url-2 = {http://dx.doi.org/10.1177/0022002705281667}}

@article{Wotipka:2008aa,
	Author = {Christine Min Wotipka and Kiyoteru Tsutsui},
	Date-Added = {2017-04-09 06:03:26 +0000},
	Date-Modified = {2017-04-09 06:03:26 +0000},
	Doi = {10.1111/j.1573-7861.2008.00092.x},
	Journal = {Sociological Forum},
	Month = {dec},
	Number = {4},
	Pages = {724--754},
	Publisher = {Wiley-Blackwell},
	Title = {Global Human Rights and State Sovereignty: State Ratification of International Human Rights Treaties, 1965-20011},
	Url = {https://doi.org/10.1111\%2Fj.1573-7861.2008.00092.x},
	Volume = {23},
	Year = 2008,
	Bdsk-Url-1 = {https://doi.org/10.1111%5C%2Fj.1573-7861.2008.00092.x},
	Bdsk-Url-2 = {http://dx.doi.org/10.1111/j.1573-7861.2008.00092.x}}

@article{Kim:2013aa,
	Author = {Dongwook Kim},
	Date-Added = {2017-04-09 06:02:52 +0000},
	Date-Modified = {2017-04-09 06:02:52 +0000},
	Doi = {10.1017/s0020818313000131},
	Journal = {International Organization},
	Month = {jul},
	Number = {03},
	Pages = {505--539},
	Publisher = {Cambridge University Press ({CUP})},
	Title = {International Nongovernmental Organizations and the Global Diffusion of National Human Rights Institutions},
	Url = {https://doi.org/10.1017\%2Fs0020818313000131},
	Volume = {67},
	Year = 2013,
	Bdsk-Url-1 = {https://doi.org/10.1017%5C%2Fs0020818313000131},
	Bdsk-Url-2 = {http://dx.doi.org/10.1017/s0020818313000131}}

@article{Tingley:2014aa,
	Author = {Dustin Tingley and Michael Tomz},
	Date-Added = {2017-04-09 05:58:46 +0000},
	Date-Modified = {2017-04-09 05:58:46 +0000},
	Doi = {10.1177/0010414013509571},
	Journal = {Comparative Political Studies},
	Month = {mar},
	Number = {3},
	Pages = {344--368},
	Publisher = {{SAGE} Publications},
	Title = {Conditional Cooperation and Climate Change},
	Url = {https://doi.org/10.1177\%2F0010414013509571},
	Volume = {47},
	Year = 2014,
	Bdsk-Url-1 = {https://doi.org/10.1177%5C%2F0010414013509571},
	Bdsk-Url-2 = {http://dx.doi.org/10.1177/0010414013509571}}

@article{Wallace:2013aa,
	Author = {Geoffrey P.R. Wallace},
	Date-Added = {2017-04-09 05:57:38 +0000},
	Date-Modified = {2017-04-09 05:57:38 +0000},
	Doi = {10.1017/s0020818312000343},
	Journal = {International Organization},
	Month = {jan},
	Number = {01},
	Pages = {105--140},
	Publisher = {Cambridge University Press ({CUP})},
	Title = {International Law and Public Attitudes Toward Torture: An Experimental Study},
	Url = {https://doi.org/10.1017\%2Fs0020818312000343},
	Volume = {67},
	Year = 2013,
	Bdsk-Url-1 = {https://doi.org/10.1017%5C%2Fs0020818312000343},
	Bdsk-Url-2 = {http://dx.doi.org/10.1017/s0020818312000343}}

@article{STEIN:2005ab,
	Author = {Jana Von Stein},
	Date-Added = {2017-04-09 05:56:24 +0000},
	Date-Modified = {2017-04-09 05:56:24 +0000},
	Doi = {10.1017/s0003055405051919},
	Journal = {American Political Science Review},
	Month = {oct},
	Number = {04},
	Pages = {611--622},
	Publisher = {Cambridge University Press ({CUP})},
	Title = {Do Treaties Constrain or Screen? Selection Bias and Treaty Compliance},
	Url = {https://doi.org/10.1017\%2Fs0003055405051919},
	Volume = {99},
	Year = 2005,
	Bdsk-Url-1 = {https://doi.org/10.1017%5C%2Fs0003055405051919},
	Bdsk-Url-2 = {http://dx.doi.org/10.1017/s0003055405051919}}

@article{Busch:2007aa,
	Author = {Marc L. Busch},
	Date-Added = {2017-04-09 05:56:02 +0000},
	Date-Modified = {2017-04-09 05:56:02 +0000},
	Doi = {10.1017/s0020818307070257},
	Journal = {International Organization},
	Month = {oct},
	Number = {04},
	Publisher = {Cambridge University Press ({CUP})},
	Title = {Overlapping Institutions, Forum Shopping, and Dispute Settlement in International Trade},
	Url = {https://doi.org/10.1017\%2Fs0020818307070257},
	Volume = {61},
	Year = 2007,
	Bdsk-Url-1 = {https://doi.org/10.1017%5C%2Fs0020818307070257},
	Bdsk-Url-2 = {http://dx.doi.org/10.1017/s0020818307070257}}

@article{Cohen:2008aa,
	Author = {J. L. Cohen},
	Date-Added = {2017-04-09 05:55:03 +0000},
	Date-Modified = {2017-04-09 05:55:03 +0000},
	Doi = {10.1177/0090591708317901},
	Journal = {Political Theory},
	Month = {may},
	Number = {4},
	Pages = {578--606},
	Publisher = {{SAGE} Publications},
	Title = {Rethinking Human Rights, Democracy, and Sovereignty in the Age of Globalization},
	Url = {https://doi.org/10.1177\%2F0090591708317901},
	Volume = {36},
	Year = 2008,
	Bdsk-Url-1 = {https://doi.org/10.1177%5C%2F0090591708317901},
	Bdsk-Url-2 = {http://dx.doi.org/10.1177/0090591708317901}}

@article{Hartzell:2001aa,
	Author = {Caroline Hartzell and Matthew Hoddie and Donald Rothchild},
	Date-Added = {2017-04-09 05:53:51 +0000},
	Date-Modified = {2017-04-09 05:53:51 +0000},
	Doi = {10.1162/002081801551450},
	Journal = {International Organization},
	Month = {mar},
	Number = {1},
	Pages = {183--208},
	Publisher = {Cambridge University Press ({CUP})},
	Title = {Stabilizing the Peace After Civil War: An Investigation of Some Key Variables},
	Url = {https://doi.org/10.1162\%2F002081801551450},
	Volume = {55},
	Year = 2001,
	Bdsk-Url-1 = {https://doi.org/10.1162%5C%2F002081801551450},
	Bdsk-Url-2 = {http://dx.doi.org/10.1162/002081801551450}}

@article{STONE:2004aa,
	Author = {Randall W. Stone},
	Date-Added = {2017-04-09 05:53:08 +0000},
	Date-Modified = {2017-04-09 05:53:08 +0000},
	Doi = {10.1017/s000305540404136x},
	Journal = {American Political Science Review},
	Month = {nov},
	Number = {04},
	Pages = {577--591},
	Publisher = {Cambridge University Press ({CUP})},
	Title = {The Political Economy of {Imf} Lending in Africa},
	Url = {https://doi.org/10.1017\%2Fs000305540404136x},
	Volume = {98},
	Year = 2004,
	Bdsk-Url-1 = {https://doi.org/10.1017%5C%2Fs000305540404136x},
	Bdsk-Url-2 = {http://dx.doi.org/10.1017/s000305540404136x}}

@article{Simmons:2010aa,
	Author = {Beth a. Simmons and Allison Danner},
	Date-Added = {2017-04-09 05:52:41 +0000},
	Date-Modified = {2017-04-09 05:52:41 +0000},
	Doi = {10.1017/s0020818310000044},
	Journal = {International Organization},
	Month = {apr},
	Number = {02},
	Pages = {225},
	Publisher = {Cambridge University Press ({CUP})},
	Title = {Credible Commitments and the International Criminal Court},
	Url = {https://doi.org/10.1017\%2Fs0020818310000044},
	Volume = {64},
	Year = 2010,
	Bdsk-Url-1 = {https://doi.org/10.1017%5C%2Fs0020818310000044},
	Bdsk-Url-2 = {http://dx.doi.org/10.1017/s0020818310000044}}

@article{Leeds:2009aa,
	Author = {Brett Ashley Leeds and Michaela Mattes and Jeremy S. Vogel},
	Date-Added = {2017-04-09 05:50:58 +0000},
	Date-Modified = {2017-04-09 05:50:58 +0000},
	Doi = {10.1111/j.1540-5907.2009.00381.x},
	Journal = {American Journal of Political Science},
	Month = {apr},
	Number = {2},
	Pages = {461--476},
	Publisher = {Wiley-Blackwell},
	Title = {Interests, Institutions, and the Reliability of International Commitments},
	Url = {https://doi.org/10.1111\%2Fj.1540-5907.2009.00381.x},
	Volume = {53},
	Year = 2009,
	Bdsk-Url-1 = {https://doi.org/10.1111%5C%2Fj.1540-5907.2009.00381.x},
	Bdsk-Url-2 = {http://dx.doi.org/10.1111/j.1540-5907.2009.00381.x}}

@article{Blanton:2007aa,
	Author = {Shannon Lindsey Blanton and Robert G. Blanton},
	Date-Added = {2017-04-09 05:46:34 +0000},
	Date-Modified = {2017-04-09 05:46:34 +0000},
	Doi = {10.1111/j.1468-2508.2007.00500.x},
	Journal = {The Journal of Politics},
	Month = {feb},
	Number = {1},
	Pages = {143--155},
	Publisher = {University of Chicago Press},
	Title = {What Attracts Foreign Investors? an Examination of Human Rights and Foreign Direct Investment},
	Url = {https://doi.org/10.1111\%2Fj.1468-2508.2007.00500.x},
	Volume = {69},
	Year = 2007,
	Bdsk-Url-1 = {https://doi.org/10.1111%5C%2Fj.1468-2508.2007.00500.x},
	Bdsk-Url-2 = {http://dx.doi.org/10.1111/j.1468-2508.2007.00500.x}}

@article{Jensen:2003aa,
	Author = {Nathan M. Jensen},
	Date-Added = {2017-04-09 05:46:23 +0000},
	Date-Modified = {2017-04-09 05:46:23 +0000},
	Doi = {10.1017/s0020818303573040},
	Journal = {International Organization},
	Month = {jul},
	Number = {03},
	Publisher = {Cambridge University Press ({CUP})},
	Title = {Democratic Governance and Multinational Corporations: Political Regimes and Inflows of Foreign Direct Investment},
	Url = {https://doi.org/10.1017\%2Fs0020818303573040},
	Volume = {57},
	Year = 2003,
	Bdsk-Url-1 = {https://doi.org/10.1017%5C%2Fs0020818303573040},
	Bdsk-Url-2 = {http://dx.doi.org/10.1017/s0020818303573040}}

@article{Bodea:2010aa,
	Author = {Cristina Bodea},
	Date-Added = {2017-04-09 05:46:13 +0000},
	Date-Modified = {2017-04-09 05:46:13 +0000},
	Doi = {10.1017/s0020818310000111},
	Journal = {International Organization},
	Month = {jul},
	Number = {03},
	Pages = {411--442},
	Publisher = {Cambridge University Press ({CUP})},
	Title = {Exchange Rate Regimes and Independent Central Banks: A Correlated Choice of Imperfectly Credible Institutions},
	Url = {https://doi.org/10.1017\%2Fs0020818310000111},
	Volume = {64},
	Year = 2010,
	Bdsk-Url-1 = {https://doi.org/10.1017%5C%2Fs0020818310000111},
	Bdsk-Url-2 = {http://dx.doi.org/10.1017/s0020818310000111}}

@article{LEBLANG:2010ab,
	Author = {David Leblang},
	Date-Added = {2017-04-09 05:45:59 +0000},
	Date-Modified = {2017-04-09 05:45:59 +0000},
	Doi = {10.1017/s0003055410000201},
	Journal = {American Political Science Review},
	Month = {aug},
	Number = {03},
	Pages = {584--600},
	Publisher = {Cambridge University Press ({CUP})},
	Title = {Familiarity Breeds Investment: Diaspora Networks and International Investment},
	Url = {https://doi.org/10.1017\%2Fs0003055410000201},
	Volume = {104},
	Year = 2010,
	Bdsk-Url-1 = {https://doi.org/10.1017%5C%2Fs0003055410000201},
	Bdsk-Url-2 = {http://dx.doi.org/10.1017/s0003055410000201}}

@article{Bernhard:2002aa,
	Author = {William Bernhard and J. Lawrence Broz and William Roberts Clark},
	Date-Added = {2017-04-09 05:45:38 +0000},
	Date-Modified = {2017-04-09 05:45:38 +0000},
	Doi = {10.1162/002081802760403748},
	Journal = {International Organization},
	Month = {oct},
	Number = {4},
	Pages = {693--723},
	Publisher = {Cambridge University Press ({CUP})},
	Title = {The Political Economy of Monetary Institutions},
	Url = {https://doi.org/10.1162\%2F002081802760403748},
	Volume = {56},
	Year = 2002,
	Bdsk-Url-1 = {https://doi.org/10.1162%5C%2F002081802760403748},
	Bdsk-Url-2 = {http://dx.doi.org/10.1162/002081802760403748}}

@article{Steinberg:2014aa,
	Author = {David a. Steinberg and Krishan Malhotra},
	Date-Added = {2017-04-09 05:45:28 +0000},
	Date-Modified = {2017-04-09 05:45:28 +0000},
	Doi = {10.1017/s0043887114000136},
	Journal = {World Politics},
	Month = {jul},
	Number = {03},
	Pages = {491--529},
	Publisher = {Cambridge University Press ({CUP})},
	Title = {The Effect of Authorita Rian Regime Type on Exchange Rate Policy},
	Url = {https://doi.org/10.1017\%2Fs0043887114000136},
	Volume = {66},
	Year = 2014,
	Bdsk-Url-1 = {https://doi.org/10.1017%5C%2Fs0043887114000136},
	Bdsk-Url-2 = {http://dx.doi.org/10.1017/s0043887114000136}}

@article{Bernhard:1999aa,
	Author = {William Bernhard and David Leblang},
	Date-Added = {2017-04-09 05:45:18 +0000},
	Date-Modified = {2017-04-09 05:45:18 +0000},
	Doi = {10.1162/002081899550814},
	Journal = {International Organization},
	Month = {dec},
	Number = {01},
	Pages = {71--97},
	Publisher = {Cambridge University Press ({CUP})},
	Title = {Democratic Institutions and Exchange-Rate Commitments},
	Url = {https://doi.org/10.1162\%2F002081899550814},
	Volume = {53},
	Year = 1999,
	Bdsk-Url-1 = {https://doi.org/10.1162%5C%2F002081899550814},
	Bdsk-Url-2 = {http://dx.doi.org/10.1162/002081899550814}}

@article{Singer:2004aa,
	Author = {David Andrew Singer},
	Date-Added = {2017-04-09 05:44:52 +0000},
	Date-Modified = {2017-04-09 05:44:52 +0000},
	Doi = {10.1017/s0020818304583042},
	Journal = {International Organization},
	Month = {jul},
	Number = {03},
	Publisher = {Cambridge University Press ({CUP})},
	Title = {Capital Rules: The Domestic Politics of International Regulatory Harmonization},
	Url = {https://doi.org/10.1017\%2Fs0020818304583042},
	Volume = {58},
	Year = 2004,
	Bdsk-Url-1 = {https://doi.org/10.1017%5C%2Fs0020818304583042},
	Bdsk-Url-2 = {http://dx.doi.org/10.1017/s0020818304583042}}

@article{Stone:2008aa,
	Author = {Randall W. Stone},
	Date-Added = {2017-04-09 05:44:42 +0000},
	Date-Modified = {2017-04-09 05:44:42 +0000},
	Doi = {10.1017/s0020818308080211},
	Journal = {International Organization},
	Month = {oct},
	Number = {04},
	Pages = {589},
	Publisher = {Cambridge University Press ({CUP})},
	Title = {The Scope of {Imf} Conditionality},
	Url = {https://doi.org/10.1017\%2Fs0020818308080211},
	Volume = {62},
	Year = 2008,
	Bdsk-Url-1 = {https://doi.org/10.1017%5C%2Fs0020818308080211},
	Bdsk-Url-2 = {http://dx.doi.org/10.1017/s0020818308080211}}

@article{Quinn:2007aa,
	Author = {Dennis P. Quinn and a. Maria Toyoda},
	Date-Added = {2017-04-09 05:44:32 +0000},
	Date-Modified = {2017-04-09 05:44:32 +0000},
	Doi = {10.1111/j.1540-5907.2007.00255.x},
	Journal = {American Journal of Political Science},
	Month = {apr},
	Number = {2},
	Pages = {344--363},
	Publisher = {Wiley-Blackwell},
	Title = {Ideology and Voter Preferences as Determinants of Financial Globalization},
	Url = {https://doi.org/10.1111\%2Fj.1540-5907.2007.00255.x},
	Volume = {51},
	Year = 2007,
	Bdsk-Url-1 = {https://doi.org/10.1111%5C%2Fj.1540-5907.2007.00255.x},
	Bdsk-Url-2 = {http://dx.doi.org/10.1111/j.1540-5907.2007.00255.x}}

@article{Brooks:2012aa,
	Author = {Sarah M. Brooks and Marcus J. Kurtz},
	Date-Added = {2017-04-09 05:43:08 +0000},
	Date-Modified = {2017-04-09 05:43:08 +0000},
	Doi = {10.1017/s0020818311000385},
	Journal = {International Organization},
	Month = {jan},
	Number = {01},
	Pages = {95--128},
	Publisher = {Cambridge University Press ({CUP})},
	Title = {Paths to Financial Policy Diffusion: Statist Legacies in Latin America{\textquotesingle}s Globalization},
	Url = {https://doi.org/10.1017\%2Fs0020818311000385},
	Volume = {66},
	Year = 2012,
	Bdsk-Url-1 = {https://doi.org/10.1017%5C%2Fs0020818311000385},
	Bdsk-Url-2 = {http://dx.doi.org/10.1017/s0020818311000385}}

@article{Hafner-Burton:2005ab,
	Author = {Emilie M. Hafner-Burton},
	Date-Added = {2017-04-09 05:29:17 +0000},
	Date-Modified = {2017-04-09 05:29:17 +0000},
	Doi = {10.1017/s0020818305050216},
	Journal = {International Organization},
	Month = {jul},
	Number = {03},
	Publisher = {Cambridge University Press ({CUP})},
	Title = {Trading Human Rights: How Preferential Trade Agreements Influence Government Repression},
	Url = {https://doi.org/10.1017\%2Fs0020818305050216},
	Volume = {59},
	Year = 2005,
	Bdsk-Url-1 = {https://doi.org/10.1017%5C%2Fs0020818305050216},
	Bdsk-Url-2 = {http://dx.doi.org/10.1017/s0020818305050216}}

@article{Souva:2008aa,
	Author = {Mark Souva and Dale L. Smith and Shawn Rowan},
	Date-Added = {2017-04-09 05:29:06 +0000},
	Date-Modified = {2017-04-09 05:29:06 +0000},
	Doi = {10.1017/s0022381608080377},
	Journal = {The Journal of Politics},
	Month = {apr},
	Number = {2},
	Pages = {383--392},
	Publisher = {University of Chicago Press},
	Title = {Promoting Trade: The Importance of Market Protecting Institutions},
	Url = {https://doi.org/10.1017\%2Fs0022381608080377},
	Volume = {70},
	Year = 2008,
	Bdsk-Url-1 = {https://doi.org/10.1017%5C%2Fs0022381608080377},
	Bdsk-Url-2 = {http://dx.doi.org/10.1017/s0022381608080377}}

@article{Ardanaz:2013aa,
	Author = {Martin Ardanaz and M. Victoria Murillo and Pablo M. Pinto},
	Date-Added = {2017-04-09 05:28:50 +0000},
	Date-Modified = {2017-04-09 05:28:50 +0000},
	Doi = {10.1017/s0020818313000076},
	Journal = {International Organization},
	Month = {apr},
	Number = {02},
	Pages = {411--437},
	Publisher = {Cambridge University Press ({CUP})},
	Title = {Sensitivity to Issue Framing on Trade Policy Preferences: Evidence From a Survey Experiment},
	Url = {https://doi.org/10.1017\%2Fs0020818313000076},
	Volume = {67},
	Year = 2013,
	Bdsk-Url-1 = {https://doi.org/10.1017%5C%2Fs0020818313000076},
	Bdsk-Url-2 = {http://dx.doi.org/10.1017/s0020818313000076}}

@article{Garrett:1998aa,
	Author = {Geoffrey Garrett},
	Date-Added = {2017-04-09 05:28:39 +0000},
	Date-Modified = {2017-04-09 05:28:39 +0000},
	Doi = {10.1162/002081898550752},
	Journal = {International Organization},
	Month = {oct},
	Number = {4},
	Pages = {787--824},
	Publisher = {Cambridge University Press ({CUP})},
	Title = {Global Markets and National Politics: Collision Course or Virtuous Circle?},
	Url = {https://doi.org/10.1162\%2F002081898550752},
	Volume = {52},
	Year = 1998,
	Bdsk-Url-1 = {https://doi.org/10.1162%5C%2F002081898550752},
	Bdsk-Url-2 = {http://dx.doi.org/10.1162/002081898550752}}

@article{Johnson:2013aa,
	Author = {Jesse C. Johnson and Mark Souva and Dale L. Smith},
	Date-Added = {2017-04-09 05:28:25 +0000},
	Date-Modified = {2017-04-09 05:28:25 +0000},
	Doi = {10.1111/isqu.12077},
	Journal = {International Studies Quarterly},
	Month = {apr},
	Number = {2},
	Pages = {410--417},
	Publisher = {Oxford University Press ({OUP})},
	Title = {Market-Protecting Institutions and the World Trade Organization{\textquotesingle}s Ability to Promote Trade},
	Url = {https://doi.org/10.1111\%2Fisqu.12077},
	Volume = {57},
	Year = 2013,
	Bdsk-Url-1 = {https://doi.org/10.1111%5C%2Fisqu.12077},
	Bdsk-Url-2 = {http://dx.doi.org/10.1111/isqu.12077}}

@article{Gowa:2005aa,
	Author = {Joanne Gowa and Soo Yeon Kim},
	Date-Added = {2017-04-09 05:28:08 +0000},
	Date-Modified = {2017-04-09 05:40:23 +0000},
	Doi = {10.1353/wp.2006.0010},
	Journal = {World Politics},
	Month = {jul},
	Number = {04},
	Pages = {453--478},
	Publisher = {Cambridge University Press ({CUP})},
	Title = {An Exclusive Country Club: The Effects of the {Gatt} on Trade, 1950-94},
	Url = {https://doi.org/10.1353\%2Fwp.2006.0010},
	Volume = {57},
	Year = 2005,
	Bdsk-Url-1 = {https://doi.org/10.1353%5C%2Fwp.2006.0010},
	Bdsk-Url-2 = {http://dx.doi.org/10.1353/wp.2006.0010}}

@article{Wu:2014aa,
	Author = {Wen-Chin Wu},
	Date-Added = {2017-04-09 05:26:42 +0000},
	Date-Modified = {2017-04-09 05:26:42 +0000},
	Doi = {10.1111/isqu.12149},
	Journal = {International Studies Quarterly},
	Month = {jul},
	Pages = {n/a--n/a},
	Publisher = {Oxford University Press ({OUP})},
	Title = {When Do Dictators Decide to Open Trade Regimes?-Inequality and Trade Openness in Authoritarian Countries},
	Url = {https://doi.org/10.1111\%2Fisqu.12149},
	Year = 2014,
	Bdsk-Url-1 = {https://doi.org/10.1111%5C%2Fisqu.12149},
	Bdsk-Url-2 = {http://dx.doi.org/10.1111/isqu.12149}}

@article{Kono:2009aa,
	Author = {Daniel Yuichi Kono},
	Date-Added = {2017-04-09 05:26:27 +0000},
	Date-Modified = {2017-04-09 05:26:27 +0000},
	Doi = {10.1111/j.1468-2478.2009.00561.x},
	Journal = {International Studies Quarterly},
	Month = {dec},
	Number = {4},
	Pages = {885--906},
	Publisher = {Oxford University Press ({OUP})},
	Title = {Market Structure, Electoral Institutions, and Trade Policy},
	Url = {https://doi.org/10.1111\%2Fj.1468-2478.2009.00561.x},
	Volume = {53},
	Year = 2009,
	Bdsk-Url-1 = {https://doi.org/10.1111%5C%2Fj.1468-2478.2009.00561.x},
	Bdsk-Url-2 = {http://dx.doi.org/10.1111/j.1468-2478.2009.00561.x}}

@article{Guisinger:2009ab,
	Author = {Alexandra Guisinger},
	Date-Added = {2017-04-09 05:26:11 +0000},
	Date-Modified = {2017-04-09 05:26:11 +0000},
	Doi = {10.1017/s0020818309090183},
	Journal = {International Organization},
	Month = {jul},
	Number = {03},
	Pages = {533},
	Publisher = {Cambridge University Press ({CUP})},
	Title = {Determining Trade Policy: Do Voters Hold Politicians Accountable?},
	Url = {https://doi.org/10.1017\%2Fs0020818309090183},
	Volume = {63},
	Year = 2009,
	Bdsk-Url-1 = {https://doi.org/10.1017%5C%2Fs0020818309090183},
	Bdsk-Url-2 = {http://dx.doi.org/10.1017/s0020818309090183}}

@article{Buthe:2013aa,
	Author = {Tim B\"{u}the and Helen V. Milner},
	Date-Added = {2017-04-09 05:25:58 +0000},
	Date-Modified = {2017-04-09 05:41:24 +0000},
	Doi = {10.1017/s0043887113000336},
	Journal = {World Politics},
	Month = {dec},
	Number = {01},
	Pages = {88--122},
	Publisher = {Cambridge University Press ({CUP})},
	Title = {Foreign Direct Investment and Institutional Diversity in Trade Agreements: Credibility, Commitment, and Economic Flows in the Developing World, 1971-2007},
	Url = {https://doi.org/10.1017\%2Fs0043887113000336},
	Volume = {66},
	Year = 2013,
	Bdsk-Url-1 = {https://doi.org/10.1017%5C%2Fs0043887113000336},
	Bdsk-Url-2 = {http://dx.doi.org/10.1017/s0043887113000336}}

@article{Davis:2007aa,
	Author = {Christina L. Davis and Yuki Shirato},
	Date-Added = {2017-04-09 05:25:45 +0000},
	Date-Modified = {2017-04-09 05:25:45 +0000},
	Doi = {10.1353/wp.2007.0021},
	Journal = {World Politics},
	Month = {jan},
	Number = {02},
	Pages = {274--313},
	Publisher = {Cambridge University Press ({CUP})},
	Title = {Firms, Governments, and {Wto} Adjudication: Japan{\textquotesingle}s Selection of {Wto} Disputes},
	Url = {https://doi.org/10.1353\%2Fwp.2007.0021},
	Volume = {59},
	Year = 2007,
	Bdsk-Url-1 = {https://doi.org/10.1353%5C%2Fwp.2007.0021},
	Bdsk-Url-2 = {http://dx.doi.org/10.1353/wp.2007.0021}}

@article{Copelovitch:2013aa,
	Author = {Mark S. Copelovitch and Jon C.W. Pevehouse},
	Date-Added = {2017-04-09 05:25:36 +0000},
	Date-Modified = {2017-04-09 05:25:36 +0000},
	Doi = {10.1111/isqu.12050},
	Journal = {International Studies Quarterly},
	Month = {apr},
	Number = {2},
	Pages = {385--399},
	Publisher = {Oxford University Press ({OUP})},
	Title = {Ties That Bind? Preferential Trade Agreements and Exchange Rate Policy Choice},
	Url = {https://doi.org/10.1111\%2Fisqu.12050},
	Volume = {57},
	Year = 2013,
	Bdsk-Url-1 = {https://doi.org/10.1111%5C%2Fisqu.12050},
	Bdsk-Url-2 = {http://dx.doi.org/10.1111/isqu.12050}}

@article{Milner:2005aa,
	Author = {Helen V. Milner and Keiko Kubota},
	Date-Added = {2017-04-09 05:25:22 +0000},
	Date-Modified = {2017-04-09 05:25:22 +0000},
	Doi = {10.1017/s002081830505006x},
	Journal = {International Organization},
	Month = {jan},
	Number = {01},
	Publisher = {Cambridge University Press ({CUP})},
	Title = {Why the Move to Free Trade? Democracy and Trade Policy in the Developing Countries},
	Url = {https://doi.org/10.1017\%2Fs002081830505006x},
	Volume = {59},
	Year = 2005,
	Bdsk-Url-1 = {https://doi.org/10.1017%5C%2Fs002081830505006x},
	Bdsk-Url-2 = {http://dx.doi.org/10.1017/s002081830505006x}}

@article{Hiscox:2001aa,
	Author = {Michael J. Hiscox},
	Date-Added = {2017-04-09 05:25:12 +0000},
	Date-Modified = {2017-04-09 05:25:12 +0000},
	Doi = {10.1162/002081801551405},
	Journal = {International Organization},
	Month = {mar},
	Number = {1},
	Pages = {1--46},
	Publisher = {Cambridge University Press ({CUP})},
	Title = {Class Versus Industry Cleavages: Inter-Industry Factor Mobility and the Politics of Trade},
	Url = {https://doi.org/10.1162\%2F002081801551405},
	Volume = {55},
	Year = 2001,
	Bdsk-Url-1 = {https://doi.org/10.1162%5C%2F002081801551405},
	Bdsk-Url-2 = {http://dx.doi.org/10.1162/002081801551405}}

@article{Goldstein:2007aa,
	Author = {Judith L. Goldstein and Douglas Rivers and Michael Tomz},
	Date-Added = {2017-04-09 05:24:56 +0000},
	Date-Modified = {2017-04-09 05:24:56 +0000},
	Doi = {10.1017/s0020818307070014},
	Journal = {International Organization},
	Month = {jan},
	Number = {01},
	Publisher = {Cambridge University Press ({CUP})},
	Title = {Institutions in International Relations: Understanding the Effects of the {Gatt} and the {Wto} on World Trade},
	Url = {https://doi.org/10.1017\%2Fs0020818307070014},
	Volume = {61},
	Year = 2007,
	Bdsk-Url-1 = {https://doi.org/10.1017%5C%2Fs0020818307070014},
	Bdsk-Url-2 = {http://dx.doi.org/10.1017/s0020818307070014}}

@article{Helpman:2008aa,
	Author = {Elhanan Helpman and Marc Melitz and Yona Rubinstein},
	Date-Added = {2017-04-09 05:24:38 +0000},
	Date-Modified = {2017-04-09 05:40:54 +0000},
	Doi = {10.1162/qjec.2008.123.2.441},
	Journal = {Quarterly Journal of Economics},
	Month = {may},
	Number = {2},
	Pages = {441--487},
	Publisher = {Oxford University Press ({OUP})},
	Title = {Estimating Trade Flows: Trading Partners and Trading Volumes},
	Url = {https://doi.org/10.1162\%2Fqjec.2008.123.2.441},
	Volume = {123},
	Year = 2008,
	Bdsk-Url-1 = {https://doi.org/10.1162%5C%2Fqjec.2008.123.2.441},
	Bdsk-Url-2 = {http://dx.doi.org/10.1162/qjec.2008.123.2.441}}

@article{Li:2002aa,
	Author = {Quan Li and David H. Sacko},
	Date-Added = {2017-04-09 05:24:09 +0000},
	Date-Modified = {2017-04-09 05:24:09 +0000},
	Doi = {10.1111/1468-2478.00221},
	Journal = {International Studies Quarterly},
	Month = {mar},
	Number = {1},
	Pages = {11--43},
	Publisher = {Oxford University Press ({OUP})},
	Title = {The (Ir)Relevance of Militarized Interstate Disputes for International Trade},
	Url = {https://doi.org/10.1111\%2F1468-2478.00221},
	Volume = {46},
	Year = 2002,
	Bdsk-Url-1 = {https://doi.org/10.1111%5C%2F1468-2478.00221},
	Bdsk-Url-2 = {http://dx.doi.org/10.1111/1468-2478.00221}}

@article{Lake:1993aa,
	Author = {David a. Lake},
	Date-Added = {2017-04-09 05:23:22 +0000},
	Date-Modified = {2017-04-09 05:23:22 +0000},
	Doi = {10.2307/2600841},
	Journal = {International Studies Quarterly},
	Month = {dec},
	Number = {4},
	Pages = {459},
	Publisher = {Oxford University Press ({OUP})},
	Title = {Leadership, Hegemony, and the International Economy: Naked Emperor or Tattered Monarch With Potential?},
	Url = {https://doi.org/10.2307\%2F2600841},
	Volume = {37},
	Year = 1993,
	Bdsk-Url-1 = {https://doi.org/10.2307%5C%2F2600841},
	Bdsk-Url-2 = {http://dx.doi.org/10.2307/2600841}}

@article{Gowa:1993aa,
	Author = {Joanne Gowa and Edward D. Mansfield},
	Date-Added = {2017-04-09 05:22:57 +0000},
	Date-Modified = {2017-04-09 05:22:57 +0000},
	Doi = {10.2307/2939050},
	Journal = {American Political Science Review},
	Month = {jun},
	Number = {02},
	Pages = {408--420},
	Publisher = {Cambridge University Press ({CUP})},
	Title = {Power Politics and International Trade.},
	Url = {https://doi.org/10.2307\%2F2939050},
	Volume = {87},
	Year = 1993,
	Bdsk-Url-1 = {https://doi.org/10.2307%5C%2F2939050},
	Bdsk-Url-2 = {http://dx.doi.org/10.2307/2939050}}

@article{Morrow:1998aa,
	Author = {James D. Morrow and Randolph M. Siverson and Tressa E. Tabares},
	Date-Added = {2017-04-09 05:22:22 +0000},
	Date-Modified = {2017-04-09 05:36:19 +0000},
	Doi = {10.2307/2585487},
	Journal = {American Political Science Review},
	Month = {sep},
	Number = {03},
	Pages = {649--661},
	Publisher = {Cambridge University Press ({CUP})},
	Title = {The Political Determinants of International Trade: The Major Powers, 1907-1990},
	Url = {https://doi.org/10.2307\%2F2585487},
	Volume = {92},
	Year = 1998,
	Bdsk-Url-1 = {https://doi.org/10.2307%5C%2F2585487},
	Bdsk-Url-2 = {http://dx.doi.org/10.2307/2585487}}

@article{Mansfield:2000aa,
	Author = {Edward D. Mansfield and Helen V. Milner and B. Peter Rosendorff},
	Date-Added = {2017-04-09 05:21:52 +0000},
	Date-Modified = {2017-04-09 05:21:52 +0000},
	Doi = {10.2307/2586014},
	Journal = {American Political Science Review},
	Month = {jun},
	Number = {02},
	Pages = {305--321},
	Publisher = {Cambridge University Press ({CUP})},
	Title = {Free to Trade: Democracies, Autocracies, and International Trade},
	Url = {https://doi.org/10.2307\%2F2586014},
	Volume = {94},
	Year = 2000,
	Bdsk-Url-1 = {https://doi.org/10.2307%5C%2F2586014},
	Bdsk-Url-2 = {http://dx.doi.org/10.2307/2586014}}

@article{Chase:2003aa,
	Author = {Kerry a. Chase},
	Date-Added = {2017-04-09 05:20:28 +0000},
	Date-Modified = {2017-04-09 05:20:28 +0000},
	Doi = {10.1017/s0020818303571053},
	Journal = {International Organization},
	Month = {feb},
	Number = {01},
	Publisher = {Cambridge University Press ({CUP})},
	Title = {Economic Interests and Regional Trading Arrangements: The Case of {Nafta}},
	Url = {https://doi.org/10.1017\%2Fs0020818303571053},
	Volume = {57},
	Year = 2003,
	Bdsk-Url-1 = {https://doi.org/10.1017%5C%2Fs0020818303571053},
	Bdsk-Url-2 = {http://dx.doi.org/10.1017/s0020818303571053}}

@article{Hiscox:2006aa,
	Author = {Michael J. Hiscox},
	Date-Added = {2017-04-09 05:20:04 +0000},
	Date-Modified = {2017-04-09 05:20:04 +0000},
	Doi = {10.1017/s0020818306060255},
	Journal = {International Organization},
	Month = {jul},
	Number = {03},
	Publisher = {Cambridge University Press ({CUP})},
	Title = {Through a Glass and Darkly: Attitudes Toward International Trade and the Curious Effects of Issue Framing},
	Url = {https://doi.org/10.1017\%2Fs0020818306060255},
	Volume = {60},
	Year = 2006,
	Bdsk-Url-1 = {https://doi.org/10.1017%5C%2Fs0020818306060255},
	Bdsk-Url-2 = {http://dx.doi.org/10.1017/s0020818306060255}}

@article{Mansfield:2002aa,
	Author = {Edward D. Mansfield and Helen V. Milner and B. Peter Rosendorff},
	Date-Added = {2017-04-09 05:19:33 +0000},
	Date-Modified = {2017-04-09 05:19:33 +0000},
	Doi = {10.1162/002081802760199863},
	Journal = {International Organization},
	Month = {aug},
	Number = {3},
	Pages = {477--513},
	Publisher = {Cambridge University Press ({CUP})},
	Title = {Why Democracies Cooperate More: Electoral Control and International Trade Agreements},
	Url = {https://doi.org/10.1162\%2F002081802760199863},
	Volume = {56},
	Year = 2002,
	Bdsk-Url-1 = {https://doi.org/10.1162%5C%2F002081802760199863},
	Bdsk-Url-2 = {http://dx.doi.org/10.1162/002081802760199863}}

@article{Ehrlich:2007aa,
	Author = {Sean D. Ehrlich},
	Date-Added = {2017-04-09 05:19:15 +0000},
	Date-Modified = {2017-04-09 05:19:15 +0000},
	Doi = {10.1017/s0020818307070191},
	Journal = {International Organization},
	Month = {jul},
	Number = {03},
	Publisher = {Cambridge University Press ({CUP})},
	Title = {Access to Protection: Domestic Institutions and Trade Policy in Democracies},
	Url = {https://doi.org/10.1017\%2Fs0020818307070191},
	Volume = {61},
	Year = 2007,
	Bdsk-Url-1 = {https://doi.org/10.1017%5C%2Fs0020818307070191},
	Bdsk-Url-2 = {http://dx.doi.org/10.1017/s0020818307070191}}

@article{Hafner-Burton:2005aa,
	Author = {Emilie M. Hafner-Burton},
	Date-Added = {2017-04-09 05:19:04 +0000},
	Date-Modified = {2017-04-09 05:19:04 +0000},
	Doi = {10.1017/s0020818305050216},
	Journal = {International Organization},
	Month = {jul},
	Number = {03},
	Publisher = {Cambridge University Press ({CUP})},
	Title = {Trading Human Rights: How Preferential Trade Agreements Influence Government Repression},
	Url = {https://doi.org/10.1017\%2Fs0020818305050216},
	Volume = {59},
	Year = 2005,
	Bdsk-Url-1 = {https://doi.org/10.1017%5C%2Fs0020818305050216},
	Bdsk-Url-2 = {http://dx.doi.org/10.1017/s0020818305050216}}

@article{Blake:2013ab,
	Author = {Daniel J. Blake},
	Date-Added = {2017-04-09 05:18:32 +0000},
	Date-Modified = {2017-04-09 05:18:32 +0000},
	Doi = {10.1017/s0020818313000258},
	Journal = {International Organization},
	Month = {oct},
	Number = {04},
	Pages = {797--827},
	Publisher = {Cambridge University Press ({CUP})},
	Title = {Thinking Ahead: Government Time Horizons and the Legalization of International Investment Agreements},
	Url = {https://doi.org/10.1017\%2Fs0020818313000258},
	Volume = {67},
	Year = 2013,
	Bdsk-Url-1 = {https://doi.org/10.1017%5C%2Fs0020818313000258},
	Bdsk-Url-2 = {http://dx.doi.org/10.1017/s0020818313000258}}

@article{Cingranelli:2010aa,
	Author = {David Cingranelli and Mikhail Filippov},
	Date-Added = {2017-04-09 05:17:32 +0000},
	Date-Modified = {2017-04-09 05:17:32 +0000},
	Doi = {10.1017/s0022381609990594},
	Journal = {The Journal of Politics},
	Month = {jan},
	Number = {1},
	Pages = {243--257},
	Publisher = {University of Chicago Press},
	Title = {Electoral Rules and Incentives to Protect Human Rights},
	Url = {https://doi.org/10.1017\%2Fs0022381609990594},
	Volume = {72},
	Year = 2010,
	Bdsk-Url-1 = {https://doi.org/10.1017%5C%2Fs0022381609990594},
	Bdsk-Url-2 = {http://dx.doi.org/10.1017/s0022381609990594}}

@article{Donno:2014ab,
	Author = {Daniela Donno and Shawna K. Metzger and Bruce Russett},
	Date-Added = {2017-04-09 05:16:16 +0000},
	Date-Modified = {2017-04-09 05:16:16 +0000},
	Doi = {10.1111/isqu.12177},
	Journal = {International Studies Quarterly},
	Month = {dec},
	Number = {2},
	Pages = {251--263},
	Publisher = {Oxford University Press ({OUP})},
	Title = {Screening Out Risk: {IGOs}, Member State Selection, and Interstate Conflict, 1951-2000},
	Url = {https://doi.org/10.1111\%2Fisqu.12177},
	Volume = {59},
	Year = 2014,
	Bdsk-Url-1 = {https://doi.org/10.1111%5C%2Fisqu.12177},
	Bdsk-Url-2 = {http://dx.doi.org/10.1111/isqu.12177}}

@article{Shannon:2010ab,
	Author = {Megan Shannon and Daniel Morey and Frederick J. Boehmke},
	Date-Added = {2017-04-09 05:16:01 +0000},
	Date-Modified = {2017-04-09 05:16:01 +0000},
	Doi = {10.1111/j.1468-2478.2010.00629.x},
	Journal = {International Studies Quarterly},
	Month = {dec},
	Number = {4},
	Pages = {1123--1141},
	Publisher = {Oxford University Press ({OUP})},
	Title = {The Influence of International Organizations on Militarized Dispute Initiation and Duration1},
	Url = {https://doi.org/10.1111\%2Fj.1468-2478.2010.00629.x},
	Volume = {54},
	Year = 2010,
	Bdsk-Url-1 = {https://doi.org/10.1111%5C%2Fj.1468-2478.2010.00629.x},
	Bdsk-Url-2 = {http://dx.doi.org/10.1111/j.1468-2478.2010.00629.x}}

@article{Benson:2011aa,
	Author = {Brett V. Benson},
	Date-Added = {2017-04-09 05:15:50 +0000},
	Date-Modified = {2017-04-09 05:35:04 +0000},
	Doi = {10.1017/s0022381611000867},
	Journal = {The Journal of Politics},
	Month = {oct},
	Number = {4},
	Pages = {1111--1127},
	Publisher = {University of Chicago Press},
	Title = {Unpacking Alliances: Deterrent and Compellent Alliances and Their Relationship With Conflict, 1816-2000},
	Url = {https://doi.org/10.1017\%2Fs0022381611000867},
	Volume = {73},
	Year = 2011,
	Bdsk-Url-1 = {https://doi.org/10.1017%5C%2Fs0022381611000867},
	Bdsk-Url-2 = {http://dx.doi.org/10.1017/s0022381611000867}}

@article{Kono:2007aa,
	Author = {Daniel Y. Kono},
	Date-Added = {2017-04-09 05:03:15 +0000},
	Date-Modified = {2017-04-09 05:03:15 +0000},
	Doi = {10.1111/j.1468-2508.2007.00572.x},
	Journal = {The Journal of Politics},
	Month = {aug},
	Number = {3},
	Pages = {746--759},
	Publisher = {University of Chicago Press},
	Title = {Making Anarchy Work: International Legal Institutions and Trade Cooperation},
	Url = {https://doi.org/10.1111\%2Fj.1468-2508.2007.00572.x},
	Volume = {69},
	Year = 2007,
	Bdsk-Url-1 = {https://doi.org/10.1111%5C%2Fj.1468-2508.2007.00572.x},
	Bdsk-Url-2 = {http://dx.doi.org/10.1111/j.1468-2508.2007.00572.x}}

@article{Svolik:2006aa,
	Author = {Milan Svolik},
	Date-Added = {2017-04-09 05:03:05 +0000},
	Date-Modified = {2017-04-09 05:03:05 +0000},
	Doi = {10.1111/j.1540-5907.2006.00223.x},
	Journal = {American Journal of Political Science},
	Month = {oct},
	Number = {4},
	Pages = {909--925},
	Publisher = {Wiley-Blackwell},
	Title = {Lies, Defection, and the Pattern of International Cooperation},
	Url = {https://doi.org/10.1111\%2Fj.1540-5907.2006.00223.x},
	Volume = {50},
	Year = 2006,
	Bdsk-Url-1 = {https://doi.org/10.1111%5C%2Fj.1540-5907.2006.00223.x},
	Bdsk-Url-2 = {http://dx.doi.org/10.1111/j.1540-5907.2006.00223.x}}

@article{KOREMENOS:2005aa,
	Author = {Barbara Koremenos},
	Date-Added = {2017-04-09 05:02:53 +0000},
	Date-Modified = {2017-04-09 05:02:53 +0000},
	Doi = {10.1017/s0003055405051877},
	Journal = {American Political Science Review},
	Month = {oct},
	Number = {04},
	Pages = {549--565},
	Publisher = {Cambridge University Press ({CUP})},
	Title = {Contracting Around International Uncertainty},
	Url = {https://doi.org/10.1017\%2Fs0003055405051877},
	Volume = {99},
	Year = 2005,
	Bdsk-Url-1 = {https://doi.org/10.1017%5C%2Fs0003055405051877},
	Bdsk-Url-2 = {http://dx.doi.org/10.1017/s0003055405051877}}

@article{Johnson:2014aa,
	Author = {Tana Johnson and Johannes Urpelainen},
	Date-Added = {2017-04-09 05:02:42 +0000},
	Date-Modified = {2017-04-09 05:02:42 +0000},
	Doi = {10.1017/s0020818313000349},
	Journal = {International Organization},
	Month = {jan},
	Number = {01},
	Pages = {177--209},
	Publisher = {Cambridge University Press ({CUP})},
	Title = {International Bureaucrats and the Formation of Intergovernmental Organizations: Institutional Design Discretion Sweetens the Pot},
	Url = {https://doi.org/10.1017\%2Fs0020818313000349},
	Volume = {68},
	Year = 2014,
	Bdsk-Url-1 = {https://doi.org/10.1017%5C%2Fs0020818313000349},
	Bdsk-Url-2 = {http://dx.doi.org/10.1017/s0020818313000349}}

@article{Rathbun:2011aa,
	Author = {Brian C. Rathbun},
	Date-Added = {2017-04-09 05:02:27 +0000},
	Date-Modified = {2017-04-09 05:02:27 +0000},
	Doi = {10.1017/s0020818311000014},
	Journal = {International Organization},
	Month = {apr},
	Number = {02},
	Pages = {243--273},
	Publisher = {Cambridge University Press ({CUP})},
	Title = {Before Hegemony: Generalized Trust and the Creation and Design of International Security Organizations},
	Url = {https://doi.org/10.1017\%2Fs0020818311000014},
	Volume = {65},
	Year = 2011,
	Bdsk-Url-1 = {https://doi.org/10.1017%5C%2Fs0020818311000014},
	Bdsk-Url-2 = {http://dx.doi.org/10.1017/s0020818311000014}}

@article{Bearce:2014aa,
	Author = {David H. Bearce and Cody D. Eldredge and Brandy J. Jolliff},
	Date-Added = {2017-04-09 05:02:13 +0000},
	Date-Modified = {2017-04-09 05:02:13 +0000},
	Doi = {10.1017/s0020818314000162},
	Journal = {International Organization},
	Month = {oct},
	Number = {01},
	Pages = {219--239},
	Publisher = {Cambridge University Press ({CUP})},
	Title = {Do Finite Duration Provisions Reduce International Bargaining Delay?},
	Url = {https://doi.org/10.1017\%2Fs0020818314000162},
	Volume = {69},
	Year = 2014,
	Bdsk-Url-1 = {https://doi.org/10.1017%5C%2Fs0020818314000162},
	Bdsk-Url-2 = {http://dx.doi.org/10.1017/s0020818314000162}}

@article{Mattes:2012aa,
	Author = {Michaela Mattes},
	Date-Added = {2017-04-09 05:01:52 +0000},
	Date-Modified = {2017-04-09 05:01:52 +0000},
	Doi = {10.1017/s002081831200029x},
	Journal = {International Organization},
	Month = {oct},
	Number = {04},
	Pages = {679--707},
	Publisher = {Cambridge University Press ({CUP})},
	Title = {Reputation, Symmetry, and Alliance Design},
	Url = {https://doi.org/10.1017\%2Fs002081831200029x},
	Volume = {66},
	Year = 2012,
	Bdsk-Url-1 = {https://doi.org/10.1017%5C%2Fs002081831200029x},
	Bdsk-Url-2 = {http://dx.doi.org/10.1017/s002081831200029x}}

@article{Allee:2013aa,
	Author = {Todd Allee and Clint Peinhardt},
	Date-Added = {2017-04-09 05:01:40 +0000},
	Date-Modified = {2017-04-09 05:01:40 +0000},
	Doi = {10.1017/s0043887113000324},
	Journal = {World Politics},
	Month = {dec},
	Number = {01},
	Pages = {47--87},
	Publisher = {Cambridge University Press ({CUP})},
	Title = {Evaluating Three Explanations for the Design of Bilateral Investment Treaties},
	Url = {https://doi.org/10.1017\%2Fs0043887113000324},
	Volume = {66},
	Year = 2013,
	Bdsk-Url-1 = {https://doi.org/10.1017%5C%2Fs0043887113000324},
	Bdsk-Url-2 = {http://dx.doi.org/10.1017/s0043887113000324}}

@article{Tallberg:2014ab,
	Author = {Jonas Tallberg and Thomas Sommerer and Theresa Squatrito and Christer J\"{o}nsson},
	Date-Added = {2017-04-09 05:01:26 +0000},
	Date-Modified = {2017-04-09 05:01:26 +0000},
	Doi = {10.1017/s0020818314000149},
	Journal = {International Organization},
	Number = {04},
	Pages = {741--774},
	Publisher = {Cambridge University Press ({CUP})},
	Title = {Explaining the Transnational Design of International Organizations},
	Url = {https://doi.org/10.1017\%2Fs0020818314000149},
	Volume = {68},
	Year = 2014,
	Bdsk-Url-1 = {https://doi.org/10.1017%5C%2Fs0020818314000149},
	Bdsk-Url-2 = {http://dx.doi.org/10.1017/s0020818314000149}}

@article{Blake:2013aa,
	Author = {Daniel J. Blake},
	Date-Added = {2017-04-09 05:00:58 +0000},
	Date-Modified = {2017-04-09 05:00:58 +0000},
	Doi = {10.1017/s0020818313000258},
	Journal = {International Organization},
	Month = {oct},
	Number = {04},
	Pages = {797--827},
	Publisher = {Cambridge University Press ({CUP})},
	Title = {Thinking Ahead: Government Time Horizons and the Legalization of International Investment Agreements},
	Url = {https://doi.org/10.1017\%2Fs0020818313000258},
	Volume = {67},
	Year = 2013,
	Bdsk-Url-1 = {https://doi.org/10.1017%5C%2Fs0020818313000258},
	Bdsk-Url-2 = {http://dx.doi.org/10.1017/s0020818313000258}}

@article{Copelovitch:2014ab,
	Author = {Mark S. Copelovitch and Tonya L. Putnam},
	Date-Added = {2017-04-09 05:00:47 +0000},
	Date-Modified = {2017-04-09 05:00:47 +0000},
	Doi = {10.1017/s0020818313000441},
	Journal = {International Organization},
	Number = {02},
	Pages = {471--493},
	Publisher = {Cambridge University Press ({CUP})},
	Title = {Design in Context: Existing International Agreements and New Cooperation},
	Url = {https://doi.org/10.1017\%2Fs0020818313000441},
	Volume = {68},
	Year = 2014,
	Bdsk-Url-1 = {https://doi.org/10.1017%5C%2Fs0020818313000441},
	Bdsk-Url-2 = {http://dx.doi.org/10.1017/s0020818313000441}}

@article{Thyne:2012aa,
	Author = {Clayton L. Thyne},
	Date-Added = {2017-04-09 04:59:33 +0000},
	Date-Modified = {2017-04-09 04:59:33 +0000},
	Doi = {10.1111/j.1468-2478.2012.00719.x},
	Journal = {International Studies Quarterly},
	Month = {feb},
	Number = {2},
	Pages = {307--321},
	Publisher = {Oxford University Press ({OUP})},
	Title = {Information, Commitment, and Intra-War Bargaining: The Effect of Governmental Constraints on Civil War Duration1},
	Url = {https://doi.org/10.1111\%2Fj.1468-2478.2012.00719.x},
	Volume = {56},
	Year = 2012,
	Bdsk-Url-1 = {https://doi.org/10.1111%5C%2Fj.1468-2478.2012.00719.x},
	Bdsk-Url-2 = {http://dx.doi.org/10.1111/j.1468-2478.2012.00719.x}}

@article{Wendt:2001aa,
	Author = {Alexander Wendt},
	Date-Added = {2017-04-09 04:46:25 +0000},
	Date-Modified = {2017-04-09 04:46:25 +0000},
	Doi = {10.1162/002081801317193682},
	Journal = {International Organization},
	Month = {oct},
	Number = {4},
	Pages = {1019--1049},
	Publisher = {Cambridge University Press ({CUP})},
	Title = {Driving With the Rearview Mirror: On the Rational Science of Institutional Design},
	Url = {https://doi.org/10.1162\%2F002081801317193682},
	Volume = {55},
	Year = 2001,
	Bdsk-Url-1 = {https://doi.org/10.1162%5C%2F002081801317193682},
	Bdsk-Url-2 = {http://dx.doi.org/10.1162/002081801317193682}}

@article{Koremenos:2001ab,
	Author = {Barbara Koremenos and Charles Lipson and Duncan Snidal},
	Date-Added = {2017-04-09 04:45:47 +0000},
	Date-Modified = {2017-04-09 04:45:47 +0000},
	Doi = {10.1162/002081801317193592},
	Journal = {International Organization},
	Month = {oct},
	Number = {4},
	Pages = {761--799},
	Publisher = {Cambridge University Press ({CUP})},
	Title = {The Rational Design of International Institutions},
	Url = {https://doi.org/10.1162\%2F002081801317193592},
	Volume = {55},
	Year = 2001,
	Bdsk-Url-1 = {https://doi.org/10.1162%5C%2F002081801317193592},
	Bdsk-Url-2 = {http://dx.doi.org/10.1162/002081801317193592}}

@article{Hathaway:2007aa,
	Author = {Oona a. Hathaway},
	Date-Added = {2017-04-08 21:01:26 +0000},
	Date-Modified = {2017-04-08 21:01:26 +0000},
	Doi = {10.1177/0022002707303046},
	Journal = {Journal of Conflict Resolution},
	Month = {aug},
	Number = {4},
	Pages = {588--621},
	Publisher = {{SAGE} Publications},
	Title = {Why Do Countries Commit to Human Rights Treaties?},
	Url = {https://doi.org/10.1177\%2F0022002707303046},
	Volume = {51},
	Year = 2007,
	Bdsk-Url-1 = {https://doi.org/10.1177%5C%2F0022002707303046},
	Bdsk-Url-2 = {http://dx.doi.org/10.1177/0022002707303046}}

@article{Ruggie:1998aa,
	Author = {John Gerard Ruggie},
	Date-Added = {2017-04-08 17:54:35 +0000},
	Date-Modified = {2017-04-08 17:54:35 +0000},
	Doi = {10.1162/002081898550770},
	Journal = {International Organization},
	Month = {oct},
	Number = {4},
	Pages = {855--885},
	Publisher = {Cambridge University Press ({CUP})},
	Title = {What Makes the World Hang Together? Neo-Utilitarianism and the Social Constructivist Challenge},
	Url = {https://doi.org/10.1162\%2F002081898550770},
	Volume = {52},
	Year = 1998,
	Bdsk-Url-1 = {https://doi.org/10.1162%5C%2F002081898550770},
	Bdsk-Url-2 = {http://dx.doi.org/10.1162/002081898550770}}

@article{Marinov:2005aa,
	Author = {Nikolay Marinov},
	Date-Added = {2017-04-08 17:02:02 +0000},
	Date-Modified = {2017-04-08 17:02:02 +0000},
	Doi = {10.1111/j.1540-5907.2005.00142.x},
	Journal = {American Journal of Political Science},
	Month = {jul},
	Number = {3},
	Pages = {564--576},
	Publisher = {Wiley-Blackwell},
	Title = {Do Economic Sanctions Destabilize Country Leaders?},
	Url = {https://doi.org/10.1111\%2Fj.1540-5907.2005.00142.x},
	Volume = {49},
	Year = 2005,
	Bdsk-Url-1 = {https://doi.org/10.1111%5C%2Fj.1540-5907.2005.00142.x},
	Bdsk-Url-2 = {http://dx.doi.org/10.1111/j.1540-5907.2005.00142.x}}

@article{Buthe:2012ab,
	Author = {Tim B\"{u}the and Solomon Major and Andr{\'{e}} De Mello E Souza},
	Date-Added = {2017-04-07 04:07:52 +0000},
	Date-Modified = {2017-04-07 04:07:52 +0000},
	Doi = {10.1017/s0020818312000252},
	Journal = {International Organization},
	Month = {oct},
	Number = {04},
	Pages = {571--607},
	Publisher = {Cambridge University Press ({CUP})},
	Title = {The Politics of Private Foreign Aid: Humanitarian Principles, Economic Development Objectives, and Organizational Interests in {Ngo} Private Aid Allocation},
	Url = {https://doi.org/10.1017\%2Fs0020818312000252},
	Volume = {66},
	Year = 2012,
	Bdsk-Url-1 = {https://doi.org/10.1017%5C%2Fs0020818312000252},
	Bdsk-Url-2 = {http://dx.doi.org/10.1017/s0020818312000252}}

@article{AHMED:2012aa,
	Author = {Faisal Z. Ahmed},
	Date-Added = {2017-04-07 04:01:52 +0000},
	Date-Modified = {2017-04-07 04:01:52 +0000},
	Doi = {10.1017/s0003055411000475},
	Journal = {American Political Science Review},
	Month = {jan},
	Number = {01},
	Pages = {146--165},
	Publisher = {Cambridge University Press ({CUP})},
	Title = {The Perils of Unearned Foreign Income: Aid, Remittances, and Government Survival},
	Url = {https://doi.org/10.1017\%2Fs0003055411000475},
	Volume = {106},
	Year = 2012,
	Bdsk-Url-1 = {https://doi.org/10.1017%5C%2Fs0003055411000475},
	Bdsk-Url-2 = {http://dx.doi.org/10.1017/s0003055411000475}}

@article{Heinrich:2013aa,
	Author = {Tobias Heinrich},
	Date-Added = {2017-04-07 03:59:31 +0000},
	Date-Modified = {2017-04-07 03:59:31 +0000},
	Doi = {10.1017/s002238161300011x},
	Journal = {The Journal of Politics},
	Month = {apr},
	Number = {2},
	Pages = {422--435},
	Publisher = {University of Chicago Press},
	Title = {When Is Foreign Aid Selfish, When Is It Selfless?},
	Url = {https://doi.org/10.1017\%2Fs002238161300011x},
	Volume = {75},
	Year = 2013,
	Bdsk-Url-1 = {https://doi.org/10.1017%5C%2Fs002238161300011x},
	Bdsk-Url-2 = {http://dx.doi.org/10.1017/s002238161300011x}}

@article{Savun:2012aa,
	Author = {Burcu Savun and Daniel C. Tirone},
	Date-Added = {2017-04-07 03:58:38 +0000},
	Date-Modified = {2017-04-07 03:58:38 +0000},
	Doi = {10.1017/s0020818312000136},
	Journal = {International Organization},
	Month = {jul},
	Number = {03},
	Pages = {363--393},
	Publisher = {Cambridge University Press ({CUP})},
	Title = {Exogenous Shocks, Foreign Aid, and Civil War},
	Url = {https://doi.org/10.1017\%2Fs0020818312000136},
	Volume = {66},
	Year = 2012,
	Bdsk-Url-1 = {https://doi.org/10.1017%5C%2Fs0020818312000136},
	Bdsk-Url-2 = {http://dx.doi.org/10.1017/s0020818312000136}}

@article{Baccini:2012aa,
	Author = {Leonardo Baccini and Johannes Urpelainen},
	Date-Added = {2017-04-07 03:57:08 +0000},
	Date-Modified = {2017-04-07 03:57:08 +0000},
	Doi = {10.1017/s0022381612000485},
	Journal = {The Journal of Politics},
	Month = {oct},
	Number = {4},
	Pages = {932--949},
	Publisher = {University of Chicago Press},
	Title = {Strategic Side Payments: Preferential Trading Agreements, Economic Reform, and Foreign Aid},
	Url = {https://doi.org/10.1017\%2Fs0022381612000485},
	Volume = {74},
	Year = 2012,
	Bdsk-Url-1 = {https://doi.org/10.1017%5C%2Fs0022381612000485},
	Bdsk-Url-2 = {http://dx.doi.org/10.1017/s0022381612000485}}

@article{Walter:2010aa,
	Author = {Stefanie Walter},
	Date-Added = {2017-04-07 03:42:26 +0000},
	Date-Modified = {2017-04-07 03:42:26 +0000},
	Doi = {10.1111/j.1468-2478.2010.00593.x},
	Journal = {International Studies Quarterly},
	Month = {jun},
	Number = {2},
	Pages = {403--426},
	Publisher = {Oxford University Press ({OUP})},
	Title = {Globalization and the Welfare State: Testing the Microfoundations of the Compensation Hypothesis},
	Url = {https://doi.org/10.1111\%2Fj.1468-2478.2010.00593.x},
	Volume = {54},
	Year = 2010,
	Bdsk-Url-1 = {https://doi.org/10.1111%5C%2Fj.1468-2478.2010.00593.x},
	Bdsk-Url-2 = {http://dx.doi.org/10.1111/j.1468-2478.2010.00593.x}}

@article{Kibreab:2006aa,
	Author = {Gaim Kibreab},
	Date-Added = {2017-04-07 03:39:45 +0000},
	Date-Modified = {2017-04-07 03:39:45 +0000},
	Doi = {10.1111/j.1747-7379.2003.tb00129.x},
	Journal = {International Migration Review},
	Month = {feb},
	Number = {1},
	Pages = {24--73},
	Publisher = {Wiley-Blackwell},
	Title = {Citizenship Rights and Repatriation of Refugees},
	Url = {https://doi.org/10.1111\%2Fj.1747-7379.2003.tb00129.x},
	Volume = {37},
	Year = 2006,
	Bdsk-Url-1 = {https://doi.org/10.1111%5C%2Fj.1747-7379.2003.tb00129.x},
	Bdsk-Url-2 = {http://dx.doi.org/10.1111/j.1747-7379.2003.tb00129.x}}

@article{Guisinger:2009aa,
	Author = {Alexandra Guisinger},
	Date-Added = {2017-04-07 03:36:31 +0000},
	Date-Modified = {2017-04-07 03:36:31 +0000},
	Doi = {10.1017/s0020818309090183},
	Journal = {International Organization},
	Month = {jul},
	Number = {03},
	Pages = {533},
	Publisher = {Cambridge University Press ({CUP})},
	Title = {Determining Trade Policy: Do Voters Hold Politicians Accountable?},
	Url = {https://doi.org/10.1017\%2Fs0020818309090183},
	Volume = {63},
	Year = 2009,
	Bdsk-Url-1 = {https://doi.org/10.1017%5C%2Fs0020818309090183},
	Bdsk-Url-2 = {http://dx.doi.org/10.1017/s0020818309090183}}

@article{SINGER:2010aa,
	Author = {David Andrew Singer},
	Date-Added = {2017-04-07 03:34:06 +0000},
	Date-Modified = {2017-04-07 03:34:06 +0000},
	Doi = {10.1017/s0003055410000110},
	Journal = {American Political Science Review},
	Month = {may},
	Number = {02},
	Pages = {307--323},
	Publisher = {Cambridge University Press ({CUP})},
	Title = {Migrant Remittances and Exchange Rate Regimes in the Developing World},
	Url = {https://doi.org/10.1017\%2Fs0003055410000110},
	Volume = {104},
	Year = 2010,
	Bdsk-Url-1 = {https://doi.org/10.1017%5C%2Fs0003055410000110},
	Bdsk-Url-2 = {http://dx.doi.org/10.1017/s0003055410000110}}

@article{Pandya:2010aa,
	Author = {Sonal S. Pandya},
	Date-Added = {2017-04-07 03:17:19 +0000},
	Date-Modified = {2017-04-07 03:17:19 +0000},
	Doi = {10.1017/s0020818310000160},
	Journal = {International Organization},
	Month = {jul},
	Number = {03},
	Pages = {389--409},
	Publisher = {Cambridge University Press ({CUP})},
	Title = {Labor Markets and the Demand for Foreign Direct Investment},
	Url = {https://doi.org/10.1017\%2Fs0020818310000160},
	Volume = {64},
	Year = 2010,
	Bdsk-Url-1 = {https://doi.org/10.1017%5C%2Fs0020818310000160},
	Bdsk-Url-2 = {http://dx.doi.org/10.1017/s0020818310000160}}

@article{LEBLANG:2010aa,
	Author = {David Leblang},
	Date-Added = {2017-04-07 03:14:06 +0000},
	Date-Modified = {2017-04-07 03:14:06 +0000},
	Doi = {10.1017/s0003055410000201},
	Journal = {American Political Science Review},
	Month = {aug},
	Number = {03},
	Pages = {584--600},
	Publisher = {Cambridge University Press ({CUP})},
	Title = {Familiarity Breeds Investment: Diaspora Networks and International Investment},
	Url = {https://doi.org/10.1017\%2Fs0003055410000201},
	Volume = {104},
	Year = 2010,
	Bdsk-Url-1 = {https://doi.org/10.1017%5C%2Fs0003055410000201},
	Bdsk-Url-2 = {http://dx.doi.org/10.1017/s0003055410000201}}

@article{Barry:2014aa,
	Author = {Colin M Barry and K Chad Clay and Michael E Flynn and Gregory Robinson},
	Date-Added = {2017-04-07 03:07:48 +0000},
	Date-Modified = {2017-04-07 03:07:48 +0000},
	Doi = {10.1177/0022343314537860},
	Journal = {Journal of Peace Research},
	Month = {sep},
	Number = {5},
	Pages = {574--588},
	Publisher = {{SAGE} Publications},
	Title = {Freedom of Foreign Movement, Economic Opportunities Abroad, and Protest in Non-Democratic Regimes},
	Url = {https://doi.org/10.1177\%2F0022343314537860},
	Volume = {51},
	Year = 2014,
	Bdsk-Url-1 = {https://doi.org/10.1177%5C%2F0022343314537860},
	Bdsk-Url-2 = {http://dx.doi.org/10.1177/0022343314537860}}

@article{MARGALIT:2012aa,
	Author = {Yotam Margalit},
	Date-Added = {2017-04-07 03:05:01 +0000},
	Date-Modified = {2017-04-07 03:05:01 +0000},
	Doi = {10.1111/j.1468-2478.2012.00747.x},
	Journal = {International Studies Quarterly},
	Month = {sep},
	Number = {3},
	Pages = {484--500},
	Publisher = {Oxford University Press ({OUP})},
	Title = {Lost in Globalization: International Economic Integration and the Sources of Popular Discontent1},
	Url = {https://doi.org/10.1111\%2Fj.1468-2478.2012.00747.x},
	Volume = {56},
	Year = 2012,
	Bdsk-Url-1 = {https://doi.org/10.1111%5C%2Fj.1468-2478.2012.00747.x},
	Bdsk-Url-2 = {http://dx.doi.org/10.1111/j.1468-2478.2012.00747.x}}

@article{FREEMAN:1986aa,
	Author = {G. P. Freeman},
	Date-Added = {2017-04-07 03:04:17 +0000},
	Date-Modified = {2017-04-07 03:04:17 +0000},
	Doi = {10.1177/0002716286485001005},
	Journal = {The {ANNALS} of the American Academy of Political and Social Science},
	Month = {may},
	Number = {1},
	Pages = {51--63},
	Publisher = {{SAGE} Publications},
	Title = {Migration and the Political Economy of the Welfare State},
	Url = {https://doi.org/10.1177\%2F0002716286485001005},
	Volume = {485},
	Year = 1986,
	Bdsk-Url-1 = {https://doi.org/10.1177%5C%2F0002716286485001005},
	Bdsk-Url-2 = {http://dx.doi.org/10.1177/0002716286485001005}}

@article{SNIDERMAN:2004aa,
	Author = {Paul M. Sniderman and Louk Hagendoorn and Markus Prior},
	Date-Added = {2017-04-07 02:58:22 +0000},
	Date-Modified = {2017-04-07 02:58:22 +0000},
	Doi = {10.1017/s000305540400098x},
	Journal = {American Political Science Review},
	Month = {feb},
	Number = {01},
	Pages = {35--49},
	Publisher = {Cambridge University Press ({CUP})},
	Title = {Predisposing Factors and Situational Triggers: Exclusionary Reactions to Immigrant Minorities},
	Url = {https://doi.org/10.1017\%2Fs000305540400098x},
	Volume = {98},
	Year = 2004,
	Bdsk-Url-1 = {https://doi.org/10.1017%5C%2Fs000305540400098x},
	Bdsk-Url-2 = {http://dx.doi.org/10.1017/s000305540400098x}}

@article{Bertocchi:2010aa,
	Author = {Graziella Bertocchi and Chiara Strozzi},
	Date-Added = {2017-04-07 02:55:28 +0000},
	Date-Modified = {2017-04-07 02:55:28 +0000},
	Doi = {10.1086/600080},
	Journal = {The Journal of Law and Economics},
	Month = {feb},
	Number = {1},
	Pages = {95--136},
	Publisher = {University of Chicago Press},
	Title = {The Evolution of Citizenship: Economic and Institutional Determinants},
	Url = {https://doi.org/10.1086\%2F600080},
	Volume = {53},
	Year = 2010,
	Bdsk-Url-1 = {https://doi.org/10.1086%5C%2F600080},
	Bdsk-Url-2 = {http://dx.doi.org/10.1086/600080}}

@article{Rocha:2015aa,
	Author = {Rene R. Rocha and Benjamin R. Knoll and Robert D. Wrinkle},
	Date-Added = {2017-04-07 02:54:36 +0000},
	Date-Modified = {2017-04-07 02:54:36 +0000},
	Doi = {10.1086/681810},
	Journal = {The Journal of Politics},
	Month = {oct},
	Number = {4},
	Pages = {901--913},
	Publisher = {University of Chicago Press},
	Title = {Immigration Enforcement and the Redistribution of Political Trust},
	Url = {https://doi.org/10.1086\%2F681810},
	Volume = {77},
	Year = 2015,
	Bdsk-Url-1 = {https://doi.org/10.1086%5C%2F681810},
	Bdsk-Url-2 = {http://dx.doi.org/10.1086/681810}}

@article{Bermeo:2015aa,
	Author = {Sarah Blodgett Bermeo and David Leblang},
	Date-Added = {2017-04-07 02:51:06 +0000},
	Date-Modified = {2017-04-07 02:51:06 +0000},
	Doi = {10.1017/s0020818315000119},
	Journal = {International Organization},
	Number = {03},
	Pages = {627--657},
	Publisher = {Cambridge University Press ({CUP})},
	Title = {Migration and Foreign Aid},
	Url = {https://doi.org/10.1017\%2Fs0020818315000119},
	Volume = {69},
	Year = 2015,
	Bdsk-Url-1 = {https://doi.org/10.1017%5C%2Fs0020818315000119},
	Bdsk-Url-2 = {http://dx.doi.org/10.1017/s0020818315000119}}

@article{Esses:2010aa,
	Author = {Victoria M. Esses and Kay Deaux and Richard N. Lalonde and Rupert Brown},
	Date-Added = {2017-04-07 02:48:41 +0000},
	Date-Modified = {2017-04-07 02:48:41 +0000},
	Doi = {10.1111/j.1540-4560.2010.01667.x},
	Journal = {Journal of Social Issues},
	Month = {dec},
	Number = {4},
	Pages = {635--647},
	Publisher = {Wiley-Blackwell},
	Title = {Psychological Perspectives on Immigration},
	Url = {https://doi.org/10.1111\%2Fj.1540-4560.2010.01667.x},
	Volume = {66},
	Year = 2010,
	Bdsk-Url-1 = {https://doi.org/10.1111%5C%2Fj.1540-4560.2010.01667.x},
	Bdsk-Url-2 = {http://dx.doi.org/10.1111/j.1540-4560.2010.01667.x}}

@article{RUDOLPH:2003aa,
	Author = {Christopher Rudolph},
	Date-Added = {2017-04-07 02:46:01 +0000},
	Date-Modified = {2017-04-07 02:46:01 +0000},
	Doi = {10.1017/s000305540300090x},
	Journal = {American Political Science Review},
	Month = {nov},
	Number = {04},
	Pages = {603--620},
	Publisher = {Cambridge University Press ({CUP})},
	Title = {Security and the Political Economy of International Migration},
	Url = {https://doi.org/10.1017\%2Fs000305540300090x},
	Volume = {97},
	Year = 2003,
	Bdsk-Url-1 = {https://doi.org/10.1017%5C%2Fs000305540300090x},
	Bdsk-Url-2 = {http://dx.doi.org/10.1017/s000305540300090x}}

@article{Brady:2014aa,
	Author = {David Brady and Ryan Finnigan},
	Date-Added = {2017-04-07 02:45:01 +0000},
	Date-Modified = {2017-04-07 02:45:01 +0000},
	Doi = {10.1177/0003122413513022},
	Journal = {American Sociological Review},
	Month = {feb},
	Number = {1},
	Pages = {17--42},
	Publisher = {{SAGE} Publications},
	Title = {Does Immigration Undermine Public Support for Social Policy?},
	Url = {https://doi.org/10.1177\%2F0003122413513022},
	Volume = {79},
	Year = 2014,
	Bdsk-Url-1 = {https://doi.org/10.1177%5C%2F0003122413513022},
	Bdsk-Url-2 = {http://dx.doi.org/10.1177/0003122413513022}}

@article{BLOOM:2015aa,
	Author = {Pazit Ben-Nun Bloom and Gizem Arikan and Marie Courtemanche},
	Date-Added = {2017-04-07 02:43:25 +0000},
	Date-Modified = {2017-04-07 02:43:25 +0000},
	Doi = {10.1017/s0003055415000143},
	Journal = {American Political Science Review},
	Month = {apr},
	Number = {02},
	Pages = {203--221},
	Publisher = {Cambridge University Press ({CUP})},
	Title = {Religious Social Identity, Religious Belief, and Anti-Immigration Sentiment},
	Url = {https://doi.org/10.1017\%2Fs0003055415000143},
	Volume = {109},
	Year = 2015,
	Bdsk-Url-1 = {https://doi.org/10.1017%5C%2Fs0003055415000143},
	Bdsk-Url-2 = {http://dx.doi.org/10.1017/s0003055415000143}}

@article{OtextquotesingleRourke:2006aa,
	Author = {Kevin H. O'Rourke and Richard Sinnott},
	Date-Added = {2017-04-07 02:42:34 +0000},
	Date-Modified = {2017-04-08 18:42:32 +0000},
	Doi = {10.1016/j.ejpoleco.2005.10.005},
	Journal = {European Journal of Political Economy},
	Month = {dec},
	Number = {4},
	Pages = {838--861},
	Publisher = {Elsevier {BV}},
	Title = {The Determinants of Individual Attitudes Towards Immigration},
	Url = {https://doi.org/10.1016\%2Fj.ejpoleco.2005.10.005},
	Volume = {22},
	Year = 2006,
	Bdsk-Url-1 = {https://doi.org/10.1016%5C%2Fj.ejpoleco.2005.10.005},
	Bdsk-Url-2 = {http://dx.doi.org/10.1016/j.ejpoleco.2005.10.005}}

@article{Green:2009aa,
	Author = {Eva G. T. Green},
	Date-Added = {2017-04-07 02:41:24 +0000},
	Date-Modified = {2017-04-08 18:47:03 +0000},
	Doi = {10.1177/1368430208098776},
	Journal = {Group Processes & Intergroup Relations},
	Month = {jan},
	Number = {1},
	Pages = {41--60},
	Publisher = {{SAGE} Publications},
	Title = {Who Can Enter? a Multilevel Analysis on Public Support for Immigration Criteria Across 20 European Countries},
	Url = {https://doi.org/10.1177\%2F1368430208098776},
	Volume = {12},
	Year = 2009,
	Bdsk-Url-1 = {https://doi.org/10.1177%5C%2F1368430208098776},
	Bdsk-Url-2 = {http://dx.doi.org/10.1177/1368430208098776}}

@article{Dancygier:2013aa,
	Author = {Rafaela M. Dancygier and Michael J. Donnelly},
	Date-Added = {2017-04-07 02:39:42 +0000},
	Date-Modified = {2017-04-07 02:39:42 +0000},
	Doi = {10.1017/s0022381612000849},
	Journal = {The Journal of Politics},
	Month = {jan},
	Number = {1},
	Pages = {17--35},
	Publisher = {University of Chicago Press},
	Title = {Sectoral Economies, Economic Contexts, and Attitudes Toward Immigration},
	Url = {https://doi.org/10.1017\%2Fs0022381612000849},
	Volume = {75},
	Year = 2013,
	Bdsk-Url-1 = {https://doi.org/10.1017%5C%2Fs0022381612000849},
	Bdsk-Url-2 = {http://dx.doi.org/10.1017/s0022381612000849}}

@article{Mirilovic:2010aa,
	Author = {Nikola Mirilovic},
	Date-Added = {2017-04-07 02:38:37 +0000},
	Date-Modified = {2017-04-07 02:38:37 +0000},
	Doi = {10.5129/001041510x12911363509675},
	Journal = {Comparative Politics},
	Month = {mar},
	Number = {3},
	Pages = {273--292},
	Publisher = {Comparative Politics {CUNY}},
	Title = {The Politics of Immigration: Dictatorship, Development, and Defense},
	Url = {https://doi.org/10.5129\%2F001041510x12911363509675},
	Volume = {42},
	Year = 2010,
	Bdsk-Url-1 = {https://doi.org/10.5129%5C%2F001041510x12911363509675},
	Bdsk-Url-2 = {http://dx.doi.org/10.5129/001041510x12911363509675}}

@article{Knoll:2009aa,
	Author = {Benjamin R. Knoll},
	Date-Added = {2017-04-07 02:37:50 +0000},
	Date-Modified = {2017-04-08 18:40:34 +0000},
	Doi = {10.1111/j.1468-5906.2009.01449.x},
	Journal = {Journal for the Scientific Study of Religion},
	Month = {jun},
	Number = {2},
	Pages = {313--331},
	Publisher = {Wiley-Blackwell},
	Title = {``And Who Is My Neighbor?'' Religion and Immigration Policy Attitudes},
	Url = {https://doi.org/10.1111\%2Fj.1468-5906.2009.01449.x},
	Volume = {48},
	Year = 2009,
	Bdsk-Url-1 = {https://doi.org/10.1111%5C%2Fj.1468-5906.2009.01449.x},
	Bdsk-Url-2 = {http://dx.doi.org/10.1111/j.1468-5906.2009.01449.x}}

@article{Perez:2010aa,
	Author = {Efr{\'{e}}n O. P{\'{e}}rez},
	Date-Added = {2017-04-07 02:36:36 +0000},
	Date-Modified = {2017-04-07 02:36:36 +0000},
	Doi = {10.1007/s11109-010-9115-z},
	Journal = {Political Behavior},
	Month = {may},
	Number = {4},
	Pages = {517--545},
	Publisher = {Springer Nature},
	Title = {Explicit Evidence on the Import of Implicit Attitudes: The {Iat} and Immigration Policy Judgments},
	Url = {https://doi.org/10.1007\%2Fs11109-010-9115-z},
	Volume = {32},
	Year = 2010,
	Bdsk-Url-1 = {https://doi.org/10.1007%5C%2Fs11109-010-9115-z},
	Bdsk-Url-2 = {http://dx.doi.org/10.1007/s11109-010-9115-z}}

@article{Mayda:2006aa,
	Author = {Anna Maria Mayda},
	Date-Added = {2017-04-07 02:34:15 +0000},
	Date-Modified = {2017-04-07 02:34:15 +0000},
	Doi = {10.1162/rest.88.3.510},
	Journal = {Review of Economics and Statistics},
	Month = {aug},
	Number = {3},
	Pages = {510--530},
	Publisher = {{MIT} Press - Journals},
	Title = {Who Is Against Immigration? a Cross-Country Investigation of Individual Attitudes Toward Immigrants},
	Url = {https://doi.org/10.1162\%2Frest.88.3.510},
	Volume = {88},
	Year = 2006,
	Bdsk-Url-1 = {https://doi.org/10.1162%5C%2Frest.88.3.510},
	Bdsk-Url-2 = {http://dx.doi.org/10.1162/rest.88.3.510}}

@article{Hainmueller:2007aa,
	Author = {Jens Hainmueller and Michael J. Hiscox},
	Date-Added = {2017-04-07 02:33:29 +0000},
	Date-Modified = {2017-04-07 02:33:29 +0000},
	Doi = {10.1017/s0020818307070142},
	Journal = {International Organization},
	Month = {apr},
	Number = {02},
	Publisher = {Cambridge University Press ({CUP})},
	Title = {Educated Preferences: Explaining Attitudes Toward Immigration in Europe},
	Url = {https://doi.org/10.1017\%2Fs0020818307070142},
	Volume = {61},
	Year = 2007,
	Bdsk-Url-1 = {https://doi.org/10.1017%5C%2Fs0020818307070142},
	Bdsk-Url-2 = {http://dx.doi.org/10.1017/s0020818307070142}}

@article{HAINMUELLER:2010ab,
	Author = {Jens Hainmueller and Michael J. Hiscox},
	Date-Added = {2017-04-07 02:32:27 +0000},
	Date-Modified = {2017-04-07 02:32:27 +0000},
	Doi = {10.1017/s0003055409990372},
	Journal = {American Political Science Review},
	Month = {feb},
	Number = {01},
	Pages = {61--84},
	Publisher = {Cambridge University Press ({CUP})},
	Title = {Attitudes Toward Highly Skilled and Low-Skilled Immigration: Evidence From a Survey Experiment},
	Url = {https://doi.org/10.1017\%2Fs0003055409990372},
	Volume = {104},
	Year = 2010,
	Bdsk-Url-1 = {https://doi.org/10.1017%5C%2Fs0003055409990372},
	Bdsk-Url-2 = {http://dx.doi.org/10.1017/s0003055409990372}}

@article{Zatz:2014aa,
	Author = {Marjorie S. Zatz and Nancy Rodriguez},
	Date-Added = {2017-04-07 02:27:48 +0000},
	Date-Modified = {2017-04-20 02:17:40 +0000},
	Doi = {10.1111/lsi.12083},
	Journal = {Law & Social Inquiry},
	Month = {jul},
	Number = {3},
	Pages = {666--689},
	Publisher = {Wiley-Blackwell},
	Title = {The Limits of Discretion: Challenges and Dilemmas of Prosecutorial Discretion in Immigration Enforcement},
	Url = {https://doi.org/10.1111\%2Flsi.12083},
	Volume = {39},
	Year = 2014,
	Bdsk-Url-1 = {https://doi.org/10.1111%5C%2Flsi.12083},
	Bdsk-Url-2 = {http://dx.doi.org/10.1111/lsi.12083}}

@article{Brader:2008aa,
	Author = {Ted Brader and Nicholas a. Valentino and Elizabeth Suhay},
	Date-Added = {2017-04-07 02:20:00 +0000},
	Date-Modified = {2017-04-07 02:20:00 +0000},
	Doi = {10.1111/j.1540-5907.2008.00353.x},
	Journal = {American Journal of Political Science},
	Month = {oct},
	Number = {4},
	Pages = {959--978},
	Publisher = {Wiley-Blackwell},
	Title = {What Triggers Public Opposition to Immigration? Anxiety, Group Cues, and Immigration Threat},
	Url = {https://doi.org/10.1111\%2Fj.1540-5907.2008.00353.x},
	Volume = {52},
	Year = 2008,
	Bdsk-Url-1 = {https://doi.org/10.1111%5C%2Fj.1540-5907.2008.00353.x},
	Bdsk-Url-2 = {http://dx.doi.org/10.1111/j.1540-5907.2008.00353.x}}

@article{Obinger:2013aa,
	Author = {H. Obinger and C. Schmitt and R. Zohlnhofer},
	Date-Added = {2017-04-06 21:39:02 +0000},
	Date-Modified = {2017-04-06 21:39:02 +0000},
	Doi = {10.1177/0010414013495361},
	Journal = {Comparative Political Studies},
	Month = {jul},
	Number = {9},
	Pages = {1294--1323},
	Publisher = {{SAGE} Publications},
	Title = {Partisan Politics and Privatization in {Oecd} Countries},
	Url = {https://doi.org/10.1177\%2F0010414013495361},
	Volume = {47},
	Year = 2013,
	Bdsk-Url-1 = {https://doi.org/10.1177%5C%2F0010414013495361},
	Bdsk-Url-2 = {http://dx.doi.org/10.1177/0010414013495361}}

@article{Lu:2012aa,
	Author = {Xiaobo L\"{u} and Kenneth Scheve and Matthew J. Slaughter},
	Date-Added = {2017-04-06 21:28:25 +0000},
	Date-Modified = {2017-04-06 21:28:25 +0000},
	Doi = {10.1111/j.1540-5907.2012.00589.x},
	Journal = {American Journal of Political Science},
	Month = {apr},
	Number = {3},
	Pages = {638--654},
	Publisher = {Wiley-Blackwell},
	Title = {Inequity Aversion and the International Distribution of Trade Protection},
	Url = {https://doi.org/10.1111\%2Fj.1540-5907.2012.00589.x},
	Volume = {56},
	Year = 2012,
	Bdsk-Url-1 = {https://doi.org/10.1111%5C%2Fj.1540-5907.2012.00589.x},
	Bdsk-Url-2 = {http://dx.doi.org/10.1111/j.1540-5907.2012.00589.x}}

@article{Smith:1995ab,
	Author = {Alastair Smith},
	Date-Added = {2017-04-05 17:46:13 +0000},
	Date-Modified = {2017-04-05 17:46:13 +0000},
	Doi = {10.2307/2600800},
	Journal = {International Studies Quarterly},
	Month = {dec},
	Number = {4},
	Pages = {405},
	Publisher = {Oxford University Press ({OUP})},
	Title = {Alliance Formation and War},
	Url = {https://doi.org/10.2307\%2F2600800},
	Volume = {39},
	Year = 1995,
	Bdsk-Url-1 = {https://doi.org/10.2307%5C%2F2600800},
	Bdsk-Url-2 = {http://dx.doi.org/10.2307/2600800}}

@article{Wagner:2000ab,
	Author = {R. Harrison Wagner},
	Date-Added = {2017-04-05 03:50:21 +0000},
	Date-Modified = {2017-04-05 03:50:21 +0000},
	Doi = {10.2307/2669259},
	Journal = {American Journal of Political Science},
	Month = {jul},
	Number = {3},
	Pages = {469},
	Publisher = {{JSTOR}},
	Title = {Bargaining and War},
	Url = {https://doi.org/10.2307\%2F2669259},
	Volume = {44},
	Year = 2000,
	Bdsk-Url-1 = {https://doi.org/10.2307%5C%2F2669259},
	Bdsk-Url-2 = {http://dx.doi.org/10.2307/2669259}}

@article{Johnson:2010ab,
	Author = {Jesse C. Johnson and Brett Ashley Leeds},
	Date-Added = {2017-04-05 02:50:05 +0000},
	Date-Modified = {2017-04-05 02:50:43 +0000},
	Doi = {10.1111/j.1743-8594.2010.00122.x},
	Journal = {Foreign Policy Analysis},
	Month = {dec},
	Number = {1},
	Pages = {45--65},
	Publisher = {Wiley-Blackwell},
	Title = {Defense Pacts: A Prescription for Peace?},
	Url = {https://doi.org/10.1111\%2Fj.1743-8594.2010.00122.x},
	Volume = {7},
	Year = 2010,
	Bdsk-Url-1 = {https://doi.org/10.1111%5C%2Fj.1743-8594.2010.00122.x},
	Bdsk-Url-2 = {http://dx.doi.org/10.1111/j.1743-8594.2010.00122.x}}

@book{Schelling:1980aa,
	Author = {Schelling, Thomas C},
	Date = {1980},
	Date-Added = {2017-03-26 16:20:29 +0000},
	Date-Modified = {2017-03-26 16:20:50 +0000},
	Publisher = {Harvard university press},
	Title = {The Strategy of Conflict},
	Year = {1980}}

@article{Powell:2014aa,
	Author = {Emilia Justyna Powell and Krista E Wiegand},
	Date-Added = {2017-02-22 20:36:43 +0000},
	Date-Modified = {2017-02-22 20:36:43 +0000},
	Doi = {10.1177/0022343313508969},
	Journal = {Journal of Peace Research},
	Month = {may},
	Number = {3},
	Pages = {361--374},
	Publisher = {{SAGE} Publications},
	Title = {Strategic Selection},
	Url = {https://doi.org/10.1177\%2F0022343313508969},
	Volume = {51},
	Year = 2014,
	Bdsk-Url-1 = {https://doi.org/10.1177%5C%2F0022343313508969},
	Bdsk-Url-2 = {http://dx.doi.org/10.1177/0022343313508969}}

@article{Kydd:2000aa,
	Author = {Andrew Kydd},
	Date-Added = {2017-02-22 18:57:16 +0000},
	Date-Modified = {2017-02-22 18:57:16 +0000},
	Doi = {10.1162/002081800551190},
	Journal = {International Organization},
	Month = {apr},
	Number = {2},
	Pages = {325--357},
	Publisher = {Cambridge University Press ({CUP})},
	Title = {Trust, Reassurance, and Cooperation},
	Url = {https://doi.org/10.1162\%2F002081800551190},
	Volume = {54},
	Year = 2000,
	Bdsk-Url-1 = {https://doi.org/10.1162%5C%2F002081800551190},
	Bdsk-Url-2 = {http://dx.doi.org/10.1162/002081800551190}}

@article{Raustiala:1997aa,
	Author = {Kal Raustiala},
	Date-Added = {2017-02-19 01:26:38 +0000},
	Date-Modified = {2017-02-19 01:26:38 +0000},
	Doi = {10.1111/1468-2478.00064},
	Journal = {International Studies Quarterly},
	Month = {dec},
	Number = {4},
	Pages = {719--740},
	Publisher = {Oxford University Press ({OUP})},
	Title = {States, {NGOs}, and International Environmental Institutions},
	Url = {https://doi.org/10.1111\%2F1468-2478.00064},
	Volume = {41},
	Year = 1997,
	Bdsk-Url-1 = {https://doi.org/10.1111%5C%2F1468-2478.00064},
	Bdsk-Url-2 = {http://dx.doi.org/10.1111/1468-2478.00064}}

@article{Spruyt:1994aa,
	Author = {Hendrik Spruyt},
	Date-Added = {2017-02-19 01:24:12 +0000},
	Date-Modified = {2017-02-19 01:24:12 +0000},
	Doi = {10.1017/s0020818300028307},
	Journal = {International Organization},
	Month = {sep},
	Number = {04},
	Pages = {527},
	Publisher = {Cambridge University Press ({CUP})},
	Title = {Institutional Selection in International Relations: State Anarchy as Order},
	Url = {https://doi.org/10.1017\%2Fs0020818300028307},
	Volume = {48},
	Year = 1994,
	Bdsk-Url-1 = {https://doi.org/10.1017%5C%2Fs0020818300028307},
	Bdsk-Url-2 = {http://dx.doi.org/10.1017/s0020818300028307}}

@article{Krasner:1995aa,
	Author = {Stephen D. Krasner},
	Date-Added = {2017-02-19 01:14:23 +0000},
	Date-Modified = {2017-02-19 01:14:23 +0000},
	Doi = {10.2307/2539141},
	Journal = {International Security},
	Number = {3},
	Pages = {115},
	Publisher = {{JSTOR}},
	Title = {Compromising Westphalia},
	Url = {https://doi.org/10.2307\%2F2539141},
	Volume = {20},
	Year = 1995,
	Bdsk-Url-1 = {https://doi.org/10.2307%5C%2F2539141},
	Bdsk-Url-2 = {http://dx.doi.org/10.2307/2539141}}

@article{Zagare:1999aa,
	Author = {Frank C. Zagare},
	Date-Added = {2017-02-15 05:27:21 +0000},
	Date-Modified = {2017-02-15 05:27:21 +0000},
	Doi = {10.1162/016228899560185},
	Journal = {International Security},
	Month = {oct},
	Number = {2},
	Pages = {107--114},
	Publisher = {{MIT} Press - Journals},
	Title = {All Mortis, No Rigor},
	Url = {https://doi.org/10.1162\%2F016228899560185},
	Volume = {24},
	Year = 1999,
	Bdsk-Url-1 = {https://doi.org/10.1162%5C%2F016228899560185},
	Bdsk-Url-2 = {http://dx.doi.org/10.1162/016228899560185}}

@article{acemoglu:2002reversal,
	Author = {Acemoglu, Daron and Johnson, Simon and Robinson, James A},
	Date-Added = {2017-02-15 02:27:36 +0000},
	Date-Modified = {2017-02-15 02:27:36 +0000},
	Journal = {The Quarterly journal of economics},
	Number = {4},
	Pages = {1231--1294},
	Publisher = {Oxford University Press},
	Title = {Reversal of Fortune: Geography and Institutions in the Making of the Modern World Income Distribution},
	Volume = {117},
	Year = {2002}}

@article{buthe:2004governance,
	Author = {B{\"u}the, Tim},
	Date-Added = {2017-02-15 01:31:20 +0000},
	Date-Modified = {2017-02-15 01:31:20 +0000},
	Journal = {Journal of International Affairs},
	Number = {1},
	Pages = {281--290},
	Title = {Governance Through Private Authority? Non-State Actors in World Politics},
	Volume = {58},
	Year = {2004}}

@book{Milner:1997aa,
	Author = {Helen V. Milner},
	Date-Added = {2017-02-15 01:19:25 +0000},
	Date-Modified = {2017-02-15 01:19:25 +0000},
	Isbn = {0691011761},
	Publisher = {Princeton University Press},
	Title = {Interests, Institutions, and Information: Domestic Politics and International Relations},
	Year = {1997}}

@book{Mesquita:2005aa,
	Author = {Bruce {Bueno De Mesquita} and Alastair Smith and Randolph M. Siverson and James D. Morrow},
	Date-Added = {2017-02-15 01:18:37 +0000},
	Date-Modified = {2017-04-28 22:58:03 +0000},
	Isbn = {0262261774},
	Month = {Jan},
	Publisher = {MIT Press},
	Title = {The Logic of Political Survival},
	Year = {2003}}

@incollection{Frieden:1999aa,
	Author = {Jeffry a. Frieden},
	Booktitle = {Strategic Choice and International Relations},
	Chapter = {2},
	Date-Added = {2017-02-15 01:02:43 +0000},
	Date-Modified = {2017-02-15 01:16:37 +0000},
	Editor = {Lake,David A. and Powell,Robert},
	Isbn = {0691026971},
	Pages = {39-76},
	Publisher = {Princeton University Press},
	Title = {Actors and Preferences in International Relations},
	Year = {1999}}

@book{Powell:1999aa,
	Author = {Lake,David a. and Powell,Robert},
	Date-Added = {2017-02-15 00:56:21 +0000},
	Date-Modified = {2017-02-15 01:15:17 +0000},
	Isbn = {0691026971},
	Publisher = {Princeton University Press},
	Title = {Strategic Choice and International Relations},
	Year = {1999}}

@incollection{Spruyt:1996aa,
	Author = {Hendrik Spruyt},
	Booktitle = {The Sovereign State and Its Competitors: An Analysis of Systems Change},
	Chapter = {8},
	Date-Added = {2017-02-15 00:47:31 +0000},
	Date-Modified = {2017-04-28 20:42:19 +0000},
	Editor = {Hendrik Spruyt},
	Isbn = {0691029105},
	Publisher = {Princeton University Press},
	Title = {The Victory of the Sovereign State},
	Year = {1996}}

@incollection{Tilly:1993aa,
	Author = {Charles Tilly},
	Booktitle = {Coercion, Capital and European States: Ad 990 - 1992},
	Chapter = {3},
	Date-Added = {2017-02-15 00:46:35 +0000},
	Date-Modified = {2017-04-28 21:29:14 +0000},
	Editor = {Charles Tilly},
	Isbn = {1557863687},
	Month = {Apr},
	Publisher = {Wiley-Blackwell},
	Title = {How War Made States, and Vice Versa},
	Year = {1993}}

@book{hobbes:1985leviathan,
	Author = {Hobbes, T. and Macpherson, C.B.},
	Chapter = {17},
	Date-Added = {2017-02-15 00:45:32 +0000},
	Date-Modified = {2017-04-28 19:46:21 +0000},
	Isbn = {9780140431957},
	Lccn = {79389584},
	Publisher = {Penguin Books Limited},
	Series = {Pelican books},
	Title = {Leviathan},
	Url = {https://books.google.com/books?id=n0gm0eaGHQsC},
	Year = {1985},
	Bdsk-Url-1 = {https://books.google.com/books?id=n0gm0eaGHQsC}}

@book{Keohane:2005aa,
	Author = {Robert O. Keohane},
	Date-Added = {2017-02-15 00:33:37 +0000},
	Date-Modified = {2017-04-22 00:26:35 +0000},
	Isbn = {140082026X},
	Month = {Feb},
	Publisher = {Princeton University Press},
	Title = {After Hegemony: Cooperation and Discord in the World Political Economy},
	Year = {1984}}

@article{Mearsheimer:2013aa,
	Author = {J. J. Mearsheimer and S. M. Walt},
	Date-Added = {2017-02-14 23:16:29 +0000},
	Date-Modified = {2017-02-17 00:26:41 +0000},
	Doi = {10.1177/1354066113494320},
	Journal = {European Journal of International Relations},
	Month = {sep},
	Number = {3},
	Pages = {427--457},
	Publisher = {{SAGE} Publications},
	Title = {Leaving Theory Behind: Why Simplistic Hypothesis Testing Is Bad for International Relations},
	Url = {https://doi.org/10.1177\%2F1354066113494320},
	Volume = {19},
	Year = 2013,
	Bdsk-Url-1 = {https://doi.org/10.1177%5C%2F1354066113494320},
	Bdsk-Url-2 = {http://dx.doi.org/10.1177/1354066113494320}}

@article{Fearon:1991aa,
	Author = {James D. Fearon},
	Date-Added = {2017-02-14 23:15:55 +0000},
	Date-Modified = {2017-02-14 23:15:55 +0000},
	Doi = {10.2307/2010470},
	Journal = {World Politics},
	Month = {jan},
	Number = {02},
	Pages = {169--195},
	Publisher = {Cambridge University Press ({CUP})},
	Title = {Counterfactuals and Hypothesis Testing in Political Science},
	Url = {https://doi.org/10.2307\%2F2010470},
	Volume = {43},
	Year = 1991,
	Bdsk-Url-1 = {https://doi.org/10.2307%5C%2F2010470},
	Bdsk-Url-2 = {http://dx.doi.org/10.2307/2010470}}

@incollection{Waltz:1979aa,
	Author = {Kenneth N. Waltz},
	Booktitle = {Theory of International Politics},
	Chapter = {6},
	Date-Added = {2017-02-14 23:12:35 +0000},
	Date-Modified = {2017-04-28 18:54:58 +0000},
	Editor = {Kenneth N. Waltz},
	Isbn = {1478610530},
	Month = {Jan},
	Publisher = {Waveland Press},
	Title = {Anarchic Structures and Balances of Power},
	Year = {1979}}

@book{King:1994aa,
	Author = {Gary King and Robert O. Keohane and Sidney Verba},
	Chapter = {2},
	Date-Added = {2017-02-14 23:12:19 +0000},
	Date-Modified = {2017-04-29 02:58:50 +0000},
	Isbn = {1400821215},
	Month = {May},
	Publisher = {Princeton University Press},
	Title = {Designing Social Inquiry: Scientific Inference in Qualitative Research},
	Year = {1994}}

@article{Hill:2015aa,
	Author = {D. W. Hill},
	Date-Added = {2017-02-14 19:07:02 +0000},
	Date-Modified = {2017-02-14 19:07:02 +0000},
	Doi = {10.1177/0022002714567947},
	Journal = {Journal of Conflict Resolution},
	Month = {feb},
	Number = {6},
	Pages = {1129--1158},
	Publisher = {{SAGE} Publications},
	Title = {Avoiding Obligation: Reservations to Human Rights Treaties},
	Url = {https://doi.org/10.1177\%2F0022002714567947},
	Volume = {60},
	Year = 2015,
	Bdsk-Url-1 = {https://doi.org/10.1177%5C%2F0022002714567947},
	Bdsk-Url-2 = {http://dx.doi.org/10.1177/0022002714567947}}

@article{Donno:2014aa,
	Author = {Daniela Donno and Shawna K. Metzger and Bruce Russett},
	Date-Added = {2017-02-14 19:06:02 +0000},
	Date-Modified = {2017-02-14 19:06:02 +0000},
	Doi = {10.1111/isqu.12177},
	Journal = {International Studies Quarterly},
	Month = {dec},
	Number = {2},
	Pages = {251--263},
	Publisher = {Oxford University Press ({OUP})},
	Title = {Screening Out Risk: {IGOs}, Member State Selection, and Interstate Conflict, 1951-2000},
	Url = {https://doi.org/10.1111\%2Fisqu.12177},
	Volume = {59},
	Year = 2014,
	Bdsk-Url-1 = {https://doi.org/10.1111%5C%2Fisqu.12177},
	Bdsk-Url-2 = {http://dx.doi.org/10.1111/isqu.12177}}

@article{Gray:2011aa,
	Author = {Julia Gray and Jonathan B. Slapin},
	Date-Added = {2017-02-14 19:05:47 +0000},
	Date-Modified = {2017-02-14 19:05:47 +0000},
	Doi = {10.1007/s11558-011-9138-1},
	Journal = {The Review of International Organizations},
	Month = {dec},
	Number = {3},
	Pages = {309--333},
	Publisher = {Springer Nature},
	Title = {How Effective Are Preferential Trade Agreements? Ask the Experts},
	Url = {https://doi.org/10.1007\%2Fs11558-011-9138-1},
	Volume = {7},
	Year = 2011,
	Bdsk-Url-1 = {https://doi.org/10.1007%5C%2Fs11558-011-9138-1},
	Bdsk-Url-2 = {http://dx.doi.org/10.1007/s11558-011-9138-1}}

@article{Cole:2015aa,
	Author = {Wade M. Cole},
	Date-Added = {2017-02-14 19:05:31 +0000},
	Date-Modified = {2017-02-14 19:05:31 +0000},
	Doi = {10.1017/s002081831400040x},
	Journal = {International Organization},
	Number = {02},
	Pages = {405--441},
	Publisher = {Cambridge University Press ({CUP})},
	Title = {Mind the Gap: State Capacity and the Implementation of Human Rights Treaties},
	Url = {https://doi.org/10.1017\%2Fs002081831400040x},
	Volume = {69},
	Year = 2015,
	Bdsk-Url-1 = {https://doi.org/10.1017%5C%2Fs002081831400040x},
	Bdsk-Url-2 = {http://dx.doi.org/10.1017/s002081831400040x}}

@article{SIMMONS:2005aa,
	Author = {Beth a. Simmons and Daniel J. Hopkins},
	Date-Added = {2017-02-14 19:05:18 +0000},
	Date-Modified = {2017-02-14 19:05:18 +0000},
	Doi = {10.1017/s0003055405051920},
	Journal = {American Political Science Review},
	Month = {oct},
	Number = {04},
	Pages = {623--631},
	Publisher = {Cambridge University Press ({CUP})},
	Title = {The Constraining Power of International Treaties: Theory and Methods},
	Url = {https://doi.org/10.1017\%2Fs0003055405051920},
	Volume = {99},
	Year = 2005,
	Bdsk-Url-1 = {https://doi.org/10.1017%5C%2Fs0003055405051920},
	Bdsk-Url-2 = {http://dx.doi.org/10.1017/s0003055405051920}}

@article{STEIN:2005aa,
	Author = {Jana Von Stein},
	Date-Added = {2017-02-14 19:04:42 +0000},
	Date-Modified = {2017-02-14 19:04:42 +0000},
	Doi = {10.1017/s0003055405051919},
	Journal = {American Political Science Review},
	Month = {oct},
	Number = {04},
	Pages = {611--622},
	Publisher = {Cambridge University Press ({CUP})},
	Title = {Do Treaties Constrain or Screen? Selection Bias and Treaty Compliance},
	Url = {https://doi.org/10.1017\%2Fs0003055405051919},
	Volume = {99},
	Year = 2005,
	Bdsk-Url-1 = {https://doi.org/10.1017%5C%2Fs0003055405051919},
	Bdsk-Url-2 = {http://dx.doi.org/10.1017/s0003055405051919}}

@article{Mearsheimer:1994aa,
	Author = {John J. Mearsheimer},
	Date-Added = {2017-02-14 19:04:28 +0000},
	Date-Modified = {2017-02-14 19:04:28 +0000},
	Doi = {10.2307/2539078},
	Journal = {International Security},
	Number = {3},
	Pages = {5},
	Publisher = {{JSTOR}},
	Title = {The False Promise of International Institutions},
	Url = {https://doi.org/10.2307\%2F2539078},
	Volume = {19},
	Year = 1994,
	Bdsk-Url-1 = {https://doi.org/10.2307%5C%2F2539078},
	Bdsk-Url-2 = {http://dx.doi.org/10.2307/2539078}}

@article{Kahler:2000aa,
	Author = {Miles Kahler},
	Date-Added = {2017-02-14 19:04:14 +0000},
	Date-Modified = {2017-02-14 19:04:14 +0000},
	Doi = {10.1162/002081800551244},
	Journal = {International Organization},
	Month = {jun},
	Number = {3},
	Pages = {661--683},
	Publisher = {Cambridge University Press ({CUP})},
	Title = {Conclusion: The Causes and Consequences of Legalization},
	Url = {https://doi.org/10.1162\%2F002081800551244},
	Volume = {54},
	Year = 2000,
	Bdsk-Url-1 = {https://doi.org/10.1162%5C%2F002081800551244},
	Bdsk-Url-2 = {http://dx.doi.org/10.1162/002081800551244}}

@article{Copelovitch:2014aa,
	Author = {Mark S. Copelovitch and Tonya L. Putnam},
	Date-Added = {2017-02-14 19:04:00 +0000},
	Date-Modified = {2017-02-14 19:04:00 +0000},
	Doi = {10.1017/s0020818313000441},
	Journal = {International Organization},
	Number = {02},
	Pages = {471--493},
	Publisher = {Cambridge University Press ({CUP})},
	Title = {Design in Context: Existing International Agreements and New Cooperation},
	Url = {https://doi.org/10.1017\%2Fs0020818313000441},
	Volume = {68},
	Year = 2014,
	Bdsk-Url-1 = {https://doi.org/10.1017%5C%2Fs0020818313000441},
	Bdsk-Url-2 = {http://dx.doi.org/10.1017/s0020818313000441}}

@article{CHAPMAN:2012aa,
	Author = {Terrence L. Chapman and Stephen Chaudoin},
	Date-Added = {2017-02-14 19:03:42 +0000},
	Date-Modified = {2017-02-14 19:03:42 +0000},
	Doi = {10.1111/isqu.12005},
	Journal = {International Studies Quarterly},
	Month = {nov},
	Number = {2},
	Pages = {400--409},
	Publisher = {Oxford University Press ({OUP})},
	Title = {Ratification Patterns and the International Criminal Court1},
	Url = {https://doi.org/10.1111\%2Fisqu.12005},
	Volume = {57},
	Year = 2012,
	Bdsk-Url-1 = {https://doi.org/10.1111%5C%2Fisqu.12005},
	Bdsk-Url-2 = {http://dx.doi.org/10.1111/isqu.12005}}

@article{Tallberg:2014aa,
	Author = {Jonas Tallberg and Thomas Sommerer and Theresa Squatrito and Christer J\"{o}nsson},
	Date-Added = {2017-02-14 19:03:26 +0000},
	Date-Modified = {2017-02-14 19:03:26 +0000},
	Doi = {10.1017/s0020818314000149},
	Journal = {International Organization},
	Number = {04},
	Pages = {741--774},
	Publisher = {Cambridge University Press ({CUP})},
	Title = {Explaining the Transnational Design of International Organizations},
	Url = {https://doi.org/10.1017\%2Fs0020818314000149},
	Volume = {68},
	Year = 2014,
	Bdsk-Url-1 = {https://doi.org/10.1017%5C%2Fs0020818314000149},
	Bdsk-Url-2 = {http://dx.doi.org/10.1017/s0020818314000149}}

@article{Gilligan:2004aa,
	Author = {Michael J. Gilligan},
	Date-Added = {2017-02-14 19:03:08 +0000},
	Date-Modified = {2017-02-14 19:03:08 +0000},
	Doi = {10.1017/s0020818304583029},
	Journal = {International Organization},
	Month = {jul},
	Number = {03},
	Publisher = {Cambridge University Press ({CUP})},
	Title = {Is There a Broader-Deeper Trade-Off in International Multilateral Agreements?},
	Url = {https://doi.org/10.1017\%2Fs0020818304583029},
	Volume = {58},
	Year = 2004,
	Bdsk-Url-1 = {https://doi.org/10.1017%5C%2Fs0020818304583029},
	Bdsk-Url-2 = {http://dx.doi.org/10.1017/s0020818304583029}}

@article{Koremenos:2001aa,
	Author = {Barbara Koremenos and Charles Lipson and Duncan Snidal},
	Date-Added = {2017-02-14 19:02:55 +0000},
	Date-Modified = {2017-02-14 19:02:55 +0000},
	Doi = {10.1162/002081801317193592},
	Journal = {International Organization},
	Month = {oct},
	Number = {4},
	Pages = {761--799},
	Publisher = {Cambridge University Press ({CUP})},
	Title = {The Rational Design of International Institutions},
	Url = {https://doi.org/10.1162\%2F002081801317193592},
	Volume = {55},
	Year = 2001,
	Bdsk-Url-1 = {https://doi.org/10.1162%5C%2F002081801317193592},
	Bdsk-Url-2 = {http://dx.doi.org/10.1162/002081801317193592}}

@article{Abbott:2000aa,
	Author = {Kenneth W. Abbott and Duncan Snidal},
	Date-Added = {2017-02-11 00:53:37 +0000},
	Date-Modified = {2017-02-11 00:53:37 +0000},
	Doi = {10.1162/002081800551280},
	Journal = {International Organization},
	Month = {jun},
	Number = {3},
	Pages = {421--456},
	Publisher = {Cambridge University Press ({CUP})},
	Title = {Hard and Soft Law in International Governance},
	Url = {https://doi.org/10.1162\%2F002081800551280},
	Volume = {54},
	Year = 2000,
	Bdsk-Url-1 = {https://doi.org/10.1162%5C%2F002081800551280},
	Bdsk-Url-2 = {http://dx.doi.org/10.1162/002081800551280}}

@article{Salehyan:2006aa,
	Author = {Idean Salehyan and Kristian Skrede Gleditsch},
	Date-Added = {2017-02-11 00:53:06 +0000},
	Date-Modified = {2017-02-11 00:53:06 +0000},
	Doi = {10.1017/s0020818306060103},
	Journal = {International Organization},
	Month = {apr},
	Number = {02},
	Publisher = {Cambridge University Press ({CUP})},
	Title = {Refugees and the Spread of Civil War},
	Url = {https://doi.org/10.1017\%2Fs0020818306060103},
	Volume = {60},
	Year = 2006,
	Bdsk-Url-1 = {https://doi.org/10.1017%5C%2Fs0020818306060103},
	Bdsk-Url-2 = {http://dx.doi.org/10.1017/s0020818306060103}}

@article{Fortna:2004aa,
	Author = {Virginia Page Fortna},
	Date-Added = {2017-02-11 00:52:47 +0000},
	Date-Modified = {2017-02-11 00:52:47 +0000},
	Doi = {10.1111/j.0020-8833.2004.00301.x},
	Journal = {International Studies Quarterly},
	Month = {jun},
	Number = {2},
	Pages = {269--292},
	Publisher = {Oxford University Press ({OUP})},
	Title = {Does Peacekeeping Keep Peace? International Intervention and the Duration of Peace After Civil War},
	Url = {https://doi.org/10.1111\%2Fj.0020-8833.2004.00301.x},
	Volume = {48},
	Year = 2004,
	Bdsk-Url-1 = {https://doi.org/10.1111%5C%2Fj.0020-8833.2004.00301.x},
	Bdsk-Url-2 = {http://dx.doi.org/10.1111/j.0020-8833.2004.00301.x}}

@article{FEARON:2003aa,
	Author = {James D. Fearon and David D. Laitin},
	Date-Added = {2017-02-11 00:52:24 +0000},
	Date-Modified = {2017-02-11 00:52:24 +0000},
	Doi = {10.1017/s0003055403000534},
	Journal = {American Political Science Review},
	Month = {feb},
	Number = {01},
	Pages = {75--90},
	Publisher = {Cambridge University Press ({CUP})},
	Title = {Ethnicity, Insurgency, and Civil War},
	Url = {https://doi.org/10.1017\%2Fs0003055403000534},
	Volume = {97},
	Year = 2003,
	Bdsk-Url-1 = {https://doi.org/10.1017%5C%2Fs0003055403000534},
	Bdsk-Url-2 = {http://dx.doi.org/10.1017/s0003055403000534}}

@article{Wood:2012aa,
	Author = {R. M. Wood and J. D. Kathman and S. E. Gent},
	Date-Added = {2017-02-11 00:46:03 +0000},
	Date-Modified = {2017-02-11 00:46:03 +0000},
	Doi = {10.1177/0022343312449032},
	Journal = {Journal of Peace Research},
	Month = {sep},
	Number = {5},
	Pages = {647--660},
	Publisher = {{SAGE} Publications},
	Title = {Armed Intervention and Civilian Victimization in Intrastate Conflicts},
	Url = {https://doi.org/10.1177\%2F0022343312449032},
	Volume = {49},
	Year = 2012,
	Bdsk-Url-1 = {https://doi.org/10.1177%5C%2F0022343312449032},
	Bdsk-Url-2 = {http://dx.doi.org/10.1177/0022343312449032}}

@article{Walter:1997aa,
	Author = {Barbara F. Walter},
	Date-Added = {2017-02-11 00:45:29 +0000},
	Date-Modified = {2017-02-11 00:45:29 +0000},
	Doi = {10.1162/002081897550384},
	Journal = {International Organization},
	Month = {jul},
	Number = {3},
	Pages = {335--364},
	Publisher = {Cambridge University Press ({CUP})},
	Title = {The Critical Barrier to Civil War Settlement},
	Url = {https://doi.org/10.1162\%2F002081897550384},
	Volume = {51},
	Year = 1997,
	Bdsk-Url-1 = {https://doi.org/10.1162%5C%2F002081897550384},
	Bdsk-Url-2 = {http://dx.doi.org/10.1162/002081897550384}}

@article{KALYVAS:2010aa,
	Author = {Stathis N. Kalyvas and Laia Balcells},
	Date-Added = {2017-02-11 00:45:08 +0000},
	Date-Modified = {2017-02-11 00:45:08 +0000},
	Doi = {10.1017/s0003055410000286},
	Journal = {American Political Science Review},
	Month = {aug},
	Number = {03},
	Pages = {415--429},
	Publisher = {Cambridge University Press ({CUP})},
	Title = {International System and Technologies of Rebellion: How the End of the Cold War Shaped Internal Conflict},
	Url = {https://doi.org/10.1017\%2Fs0003055410000286},
	Volume = {104},
	Year = 2010,
	Bdsk-Url-1 = {https://doi.org/10.1017%5C%2Fs0003055410000286},
	Bdsk-Url-2 = {http://dx.doi.org/10.1017/s0003055410000286}}

@article{Salehyan:2008aa,
	Author = {Idean Salehyan},
	Date-Added = {2017-02-11 00:44:40 +0000},
	Date-Modified = {2017-02-11 00:44:40 +0000},
	Doi = {10.1111/j.1540-5907.2008.00343.x},
	Journal = {American Journal of Political Science},
	Month = {oct},
	Number = {4},
	Pages = {787--801},
	Publisher = {Wiley-Blackwell},
	Title = {The Externalities of Civil Strife: Refugees as a Source of International Conflict},
	Url = {https://doi.org/10.1111\%2Fj.1540-5907.2008.00343.x},
	Volume = {52},
	Year = 2008,
	Bdsk-Url-1 = {https://doi.org/10.1111%5C%2Fj.1540-5907.2008.00343.x},
	Bdsk-Url-2 = {http://dx.doi.org/10.1111/j.1540-5907.2008.00343.x}}

@article{Walter:2009aa,
	Author = {Barbara F. Walter},
	Date-Added = {2017-02-11 00:44:24 +0000},
	Date-Modified = {2017-02-11 00:44:24 +0000},
	Doi = {10.1146/annurev.polisci.10.101405.135301},
	Journal = {Annual Review of Political Science},
	Month = {jun},
	Number = {1},
	Pages = {243--261},
	Publisher = {Annual Reviews},
	Title = {Bargaining Failures and Civil War},
	Url = {https://doi.org/10.1146\%2Fannurev.polisci.10.101405.135301},
	Volume = {12},
	Year = 2009,
	Bdsk-Url-1 = {https://doi.org/10.1146%5C%2Fannurev.polisci.10.101405.135301},
	Bdsk-Url-2 = {http://dx.doi.org/10.1146/annurev.polisci.10.101405.135301}}

@article{Gourevitch:1978aa,
	Author = {Peter Gourevitch},
	Date-Added = {2017-02-11 00:44:01 +0000},
	Date-Modified = {2017-02-11 00:44:01 +0000},
	Doi = {10.1017/s002081830003201x},
	Journal = {International Organization},
	Month = {sep},
	Number = {04},
	Pages = {881},
	Publisher = {Cambridge University Press ({CUP})},
	Title = {The Second Image Reversed: The International Sources of Domestic Politics},
	Url = {https://doi.org/10.1017\%2Fs002081830003201x},
	Volume = {32},
	Year = 1978,
	Bdsk-Url-1 = {https://doi.org/10.1017%5C%2Fs002081830003201x},
	Bdsk-Url-2 = {http://dx.doi.org/10.1017/s002081830003201x}}

@article{Slantchev:2004aa,
	Author = {Branislav L. Slantchev},
	Date-Added = {2017-02-11 00:43:36 +0000},
	Date-Modified = {2017-02-11 00:43:36 +0000},
	Doi = {10.1111/j.0092-5853.2004.00103.x},
	Journal = {American Journal of Political Science},
	Month = {oct},
	Number = {4},
	Pages = {813--829},
	Publisher = {Wiley-Blackwell},
	Title = {How Initiators End Their Wars: The Duration of Warfare and the Terms of Peace},
	Url = {https://doi.org/10.1111\%2Fj.0092-5853.2004.00103.x},
	Volume = {48},
	Year = 2004,
	Bdsk-Url-1 = {https://doi.org/10.1111%5C%2Fj.0092-5853.2004.00103.x},
	Bdsk-Url-2 = {http://dx.doi.org/10.1111/j.0092-5853.2004.00103.x}}

@article{Filson:2002aa,
	Author = {Darren Filson and Suzanne Werner},
	Date-Added = {2017-02-11 00:43:14 +0000},
	Date-Modified = {2017-02-11 00:43:14 +0000},
	Doi = {10.2307/3088436},
	Journal = {American Journal of Political Science},
	Month = {oct},
	Number = {4},
	Pages = {819},
	Publisher = {{JSTOR}},
	Title = {A Bargaining Model of War and Peace: Anticipating the Onset, Duration, and Outcome of War},
	Url = {https://doi.org/10.2307\%2F3088436},
	Volume = {46},
	Year = 2002,
	Bdsk-Url-1 = {https://doi.org/10.2307%5C%2F3088436},
	Bdsk-Url-2 = {http://dx.doi.org/10.2307/3088436}}

@article{Goemans:2000aa,
	Author = {H. E. Goemans},
	Date-Added = {2017-02-11 00:42:47 +0000},
	Date-Modified = {2017-02-11 00:42:47 +0000},
	Doi = {10.1177/0022002700044005001},
	Journal = {Journal of Conflict Resolution},
	Month = {oct},
	Number = {5},
	Pages = {555--579},
	Publisher = {{SAGE} Publications},
	Title = {Fighting for Survival},
	Url = {https://doi.org/10.1177\%2F0022002700044005001},
	Volume = {44},
	Year = 2000,
	Bdsk-Url-1 = {https://doi.org/10.1177%5C%2F0022002700044005001},
	Bdsk-Url-2 = {http://dx.doi.org/10.1177/0022002700044005001}}

@article{CROCO:2011aa,
	Author = {Sarah E. Croco},
	Date-Added = {2017-02-11 00:41:39 +0000},
	Date-Modified = {2017-02-15 02:22:40 +0000},
	Doi = {10.1017/s0003055411000219},
	Journal = {American Political Science Review},
	Month = {aug},
	Number = {03},
	Pages = {457--477},
	Publisher = {Cambridge University Press ({CUP})},
	Title = {The Deciders Dilemma: Leader Culpability, War Outcomes, and Domestic Punishment},
	Url = {https://doi.org/10.1017\%2Fs0003055411000219},
	Volume = {105},
	Year = 2011,
	Bdsk-Url-1 = {https://doi.org/10.1017%5C%2Fs0003055411000219},
	Bdsk-Url-2 = {http://dx.doi.org/10.1017/s0003055411000219}}

@article{Shannon:2010aa,
	Author = {Megan Shannon and Daniel Morey and Frederick J. Boehmke},
	Date-Added = {2017-02-11 00:41:11 +0000},
	Date-Modified = {2017-02-11 00:41:11 +0000},
	Doi = {10.1111/j.1468-2478.2010.00629.x},
	Journal = {International Studies Quarterly},
	Month = {dec},
	Number = {4},
	Pages = {1123--1141},
	Publisher = {Oxford University Press ({OUP})},
	Title = {The Influence of International Organizations on Militarized Dispute Initiation and Duration1},
	Url = {https://doi.org/10.1111\%2Fj.1468-2478.2010.00629.x},
	Volume = {54},
	Year = 2010,
	Bdsk-Url-1 = {https://doi.org/10.1111%5C%2Fj.1468-2478.2010.00629.x},
	Bdsk-Url-2 = {http://dx.doi.org/10.1111/j.1468-2478.2010.00629.x}}

@article{Leeds:2003aa,
	Author = {Brett Ashley Leeds},
	Date-Added = {2017-02-11 00:40:47 +0000},
	Date-Modified = {2017-02-11 00:40:47 +0000},
	Doi = {10.1017/s0020818303574057},
	Journal = {International Organization},
	Month = {oct},
	Number = {04},
	Publisher = {Cambridge University Press ({CUP})},
	Title = {Alliance Reliability in Times of War: Explaining State Decisions to Violate Treaties},
	Url = {https://doi.org/10.1017\%2Fs0020818303574057},
	Volume = {57},
	Year = 2003,
	Bdsk-Url-1 = {https://doi.org/10.1017%5C%2Fs0020818303574057},
	Bdsk-Url-2 = {http://dx.doi.org/10.1017/s0020818303574057}}

@article{Fearon:1994aa,
	Author = {James D. Fearon},
	Date-Added = {2017-02-10 22:53:46 +0000},
	Date-Modified = {2017-02-10 22:53:46 +0000},
	Doi = {10.2307/2944796},
	Journal = {American Political Science Review},
	Month = {sep},
	Number = {03},
	Pages = {577--592},
	Publisher = {Cambridge University Press ({CUP})},
	Title = {Domestic Political Audiences and the Escalation of International Disputes.},
	Url = {https://doi.org/10.2307\%2F2944796},
	Volume = {88},
	Year = 1994,
	Bdsk-Url-1 = {https://doi.org/10.2307%5C%2F2944796},
	Bdsk-Url-2 = {http://dx.doi.org/10.2307/2944796}}

@article{Kenwick:2015aa,
	Author = {Michael R. Kenwick and John a. Vasquez and Matthew a. Powers},
	Date-Added = {2017-02-10 22:53:15 +0000},
	Date-Modified = {2017-02-10 22:53:15 +0000},
	Doi = {10.1086/681958},
	Journal = {The Journal of Politics},
	Month = {oct},
	Number = {4},
	Pages = {943--954},
	Publisher = {University of Chicago Press},
	Title = {Do Alliances Really Deter?},
	Url = {https://doi.org/10.1086\%2F681958},
	Volume = {77},
	Year = 2015,
	Bdsk-Url-1 = {https://doi.org/10.1086%5C%2F681958},
	Bdsk-Url-2 = {http://dx.doi.org/10.1086/681958}}

@article{Wagner:2000aa,
	Author = {R. Harrison Wagner},
	Date-Added = {2017-02-10 22:52:59 +0000},
	Date-Modified = {2017-02-10 22:52:59 +0000},
	Doi = {10.2307/2669259},
	Journal = {American Journal of Political Science},
	Month = {jul},
	Number = {3},
	Pages = {469},
	Publisher = {{JSTOR}},
	Title = {Bargaining and War},
	Url = {https://doi.org/10.2307\%2F2669259},
	Volume = {44},
	Year = 2000,
	Bdsk-Url-1 = {https://doi.org/10.2307%5C%2F2669259},
	Bdsk-Url-2 = {http://dx.doi.org/10.2307/2669259}}

@article{Johnson:2010aa,
	Author = {Jesse C. Johnson and Brett Ashley Leeds},
	Date-Added = {2017-02-10 22:52:44 +0000},
	Date-Modified = {2017-02-10 22:52:44 +0000},
	Doi = {10.1111/j.1743-8594.2010.00122.x},
	Journal = {Foreign Policy Analysis},
	Month = {dec},
	Number = {1},
	Pages = {45--65},
	Publisher = {Wiley-Blackwell},
	Title = {Defense Pacts: A Prescription for Peace?1},
	Url = {https://doi.org/10.1111\%2Fj.1743-8594.2010.00122.x},
	Volume = {7},
	Year = 2010,
	Bdsk-Url-1 = {https://doi.org/10.1111%5C%2Fj.1743-8594.2010.00122.x},
	Bdsk-Url-2 = {http://dx.doi.org/10.1111/j.1743-8594.2010.00122.x}}

@article{Smith:1995aa,
	Author = {Alastair Smith},
	Date-Added = {2017-02-10 22:52:19 +0000},
	Date-Modified = {2017-02-10 22:52:19 +0000},
	Doi = {10.2307/2600800},
	Journal = {International Studies Quarterly},
	Month = {dec},
	Number = {4},
	Pages = {405},
	Publisher = {Oxford University Press ({OUP})},
	Title = {Alliance Formation and War},
	Url = {https://doi.org/10.2307\%2F2600800},
	Volume = {39},
	Year = 1995,
	Bdsk-Url-1 = {https://doi.org/10.2307%5C%2F2600800},
	Bdsk-Url-2 = {http://dx.doi.org/10.2307/2600800}}

@article{Schultz:1999aa,
	Author = {Kenneth a. Schultz},
	Date-Added = {2017-02-10 22:51:59 +0000},
	Date-Modified = {2017-02-10 22:51:59 +0000},
	Doi = {10.1162/002081899550878},
	Journal = {International Organization},
	Month = {apr},
	Number = {2},
	Pages = {233--266},
	Publisher = {Cambridge University Press ({CUP})},
	Title = {Do Democratic Institutions Constrain or Inform? Contrasting Two Institutional Perspectives on Democracy and War},
	Url = {https://doi.org/10.1162\%2F002081899550878},
	Volume = {53},
	Year = 1999,
	Bdsk-Url-1 = {https://doi.org/10.1162%5C%2F002081899550878},
	Bdsk-Url-2 = {http://dx.doi.org/10.1162/002081899550878}}

@article{Powell:2006aa,
	Author = {Robert Powell},
	Date-Added = {2017-02-10 22:51:42 +0000},
	Date-Modified = {2017-02-10 22:51:42 +0000},
	Doi = {10.1017/s0020818306060061},
	Journal = {International Organization},
	Month = {jan},
	Number = {01},
	Publisher = {Cambridge University Press ({CUP})},
	Title = {War as a Commitment Problem},
	Url = {https://doi.org/10.1017\%2Fs0020818306060061},
	Volume = {60},
	Year = 2006,
	Bdsk-Url-1 = {https://doi.org/10.1017%5C%2Fs0020818306060061},
	Bdsk-Url-2 = {http://dx.doi.org/10.1017/s0020818306060061}}

@article{Jervis:1978aa,
	Author = {Robert Jervis},
	Date-Added = {2017-02-10 22:51:22 +0000},
	Date-Modified = {2017-02-10 22:51:22 +0000},
	Doi = {10.2307/2009958},
	Journal = {World Politics},
	Month = {jan},
	Number = {02},
	Pages = {167--214},
	Publisher = {Cambridge University Press ({CUP})},
	Title = {Cooperation Under the Security Dilemma},
	Url = {https://doi.org/10.2307\%2F2009958},
	Volume = {30},
	Year = 1978,
	Bdsk-Url-1 = {https://doi.org/10.2307%5C%2F2009958},
	Bdsk-Url-2 = {http://dx.doi.org/10.2307/2009958}}

@article{Fearon:1995aa,
	Author = {James D. Fearon},
	Date-Added = {2017-02-10 22:51:07 +0000},
	Date-Modified = {2017-02-10 22:51:07 +0000},
	Doi = {10.1017/s0020818300033324},
	Journal = {International Organization},
	Month = {jun},
	Number = {03},
	Pages = {379},
	Publisher = {Cambridge University Press ({CUP})},
	Title = {Rationalist Explanations for War},
	Url = {https://doi.org/10.1017\%2Fs0020818300033324},
	Volume = {49},
	Year = 1995,
	Bdsk-Url-1 = {https://doi.org/10.1017%5C%2Fs0020818300033324},
	Bdsk-Url-2 = {http://dx.doi.org/10.1017/s0020818300033324}}

@article{Levy:1997aa,
	Author = {Jack S. Levy},
	Date-Added = {2017-02-10 22:50:49 +0000},
	Date-Modified = {2017-02-10 22:50:49 +0000},
	Doi = {10.1111/0020-8833.00034},
	Journal = {International Studies Quarterly},
	Month = {mar},
	Number = {1},
	Pages = {87--112},
	Publisher = {Oxford University Press ({OUP})},
	Title = {Prospect Theory, Rational Choice, and International Relations},
	Url = {https://doi.org/10.1111\%2F0020-8833.00034},
	Volume = {41},
	Year = 1997,
	Bdsk-Url-1 = {https://doi.org/10.1111%5C%2F0020-8833.00034},
	Bdsk-Url-2 = {http://dx.doi.org/10.1111/0020-8833.00034}}

@article{Walt:1999ab,
	Author = {Stephen M. Walt},
	Date-Added = {2017-02-10 22:50:27 +0000},
	Date-Modified = {2017-02-10 22:50:27 +0000},
	Doi = {10.1162/isec.23.4.5},
	Journal = {International Security},
	Month = {apr},
	Number = {4},
	Pages = {5--48},
	Publisher = {{MIT} Press - Journals},
	Title = {Rigor or Rigor Mortis? Rational Choice and Security Studies},
	Url = {https://doi.org/10.1162\%2Fisec.23.4.5},
	Volume = {23},
	Year = 1999,
	Bdsk-Url-1 = {https://doi.org/10.1162%5C%2Fisec.23.4.5},
	Bdsk-Url-2 = {http://dx.doi.org/10.1162/isec.23.4.5}}

@article{Lake:2011aa,
	Author = {David a. Lake},
	Date-Added = {2017-02-10 22:49:48 +0000},
	Date-Modified = {2017-02-15 05:29:04 +0000},
	Doi = {10.1111/j.1468-2478.2011.00661.x},
	Journal = {International Studies Quarterly},
	Month = {may},
	Number = {2},
	Pages = {465--480},
	Publisher = {Oxford University Press ({OUP})},
	Title = {Why "Ism's" Are Evil: Theory, Epistemology, and Academic Sects as Impediments to Understanding and Progress},
	Url = {https://doi.org/10.1111\%2Fj.1468-2478.2011.00661.x},
	Volume = {55},
	Year = 2011,
	Bdsk-Url-1 = {https://doi.org/10.1111%5C%2Fj.1468-2478.2011.00661.x},
	Bdsk-Url-2 = {http://dx.doi.org/10.1111/j.1468-2478.2011.00661.x}}

@article{Hyde:2011aa,
	Author = {Susan D. Hyde},
	Date-Added = {2017-02-10 22:49:31 +0000},
	Date-Modified = {2017-02-10 22:49:31 +0000},
	Doi = {10.1111/j.1540-5907.2011.00508.x},
	Journal = {American Journal of Political Science},
	Month = {feb},
	Number = {2},
	Pages = {356--369},
	Publisher = {Wiley-Blackwell},
	Title = {Catch Us if You Can: Election Monitoring and International Norm Diffusion},
	Url = {https://doi.org/10.1111\%2Fj.1540-5907.2011.00508.x},
	Volume = {55},
	Year = 2011,
	Bdsk-Url-1 = {https://doi.org/10.1111%5C%2Fj.1540-5907.2011.00508.x},
	Bdsk-Url-2 = {http://dx.doi.org/10.1111/j.1540-5907.2011.00508.x}}

@article{Finnemore:1998aa,
	Author = {Martha Finnemore and Kathryn Sikkink},
	Date-Added = {2017-02-10 22:49:14 +0000},
	Date-Modified = {2017-02-10 22:49:14 +0000},
	Doi = {10.1162/002081898550789},
	Journal = {International Organization},
	Month = {oct},
	Number = {4},
	Pages = {887--917},
	Publisher = {Cambridge University Press ({CUP})},
	Title = {International Norm Dynamics and Political Change},
	Url = {https://doi.org/10.1162\%2F002081898550789},
	Volume = {52},
	Year = 1998,
	Bdsk-Url-1 = {https://doi.org/10.1162%5C%2F002081898550789},
	Bdsk-Url-2 = {http://dx.doi.org/10.1162/002081898550789}}

@article{Horowitz:2010aa,
	Author = {Michael C. Horowitz},
	Date-Added = {2017-02-10 22:41:30 +0000},
	Date-Modified = {2017-02-10 22:41:30 +0000},
	Doi = {10.1017/s0020818309990233},
	Journal = {International Organization},
	Month = {jan},
	Number = {01},
	Pages = {33},
	Publisher = {Cambridge University Press ({CUP})},
	Title = {Nonstate Actors and the Diffusion of Innovations: The Case of Suicide Terrorism},
	Url = {https://doi.org/10.1017\%2Fs0020818309990233},
	Volume = {64},
	Year = 2010,
	Bdsk-Url-1 = {https://doi.org/10.1017%5C%2Fs0020818309990233},
	Bdsk-Url-2 = {http://dx.doi.org/10.1017/s0020818309990233}}

@article{Buthe:2012aa,
	Author = {Tim B\"{u}the and Solomon Major and Andr{\'{e}} De Mello E Souza},
	Date-Added = {2017-02-10 22:39:38 +0000},
	Date-Modified = {2017-02-10 22:39:38 +0000},
	Doi = {10.1017/s0020818312000252},
	Journal = {International Organization},
	Month = {oct},
	Number = {04},
	Pages = {571--607},
	Publisher = {Cambridge University Press ({CUP})},
	Title = {The Politics of Private Foreign Aid: Humanitarian Principles, Economic Development Objectives, and Organizational Interests in {Ngo} Private Aid Allocation},
	Url = {https://doi.org/10.1017\%2Fs0020818312000252},
	Volume = {66},
	Year = 2012,
	Bdsk-Url-1 = {https://doi.org/10.1017%5C%2Fs0020818312000252},
	Bdsk-Url-2 = {http://dx.doi.org/10.1017/s0020818312000252}}

@article{Cooley:2002aa,
	Author = {Alexander Cooley and James Ron},
	Date-Added = {2017-02-10 22:38:26 +0000},
	Date-Modified = {2017-02-10 22:38:26 +0000},
	Doi = {10.1162/016228802320231217},
	Journal = {International Security},
	Month = {jul},
	Number = {1},
	Pages = {5--39},
	Publisher = {{MIT} Press - Journals},
	Title = {The {Ngo} Scramble: Organizational Insecurity and the Political Economy of Transnational Action},
	Url = {https://doi.org/10.1162\%2F016228802320231217},
	Volume = {27},
	Year = 2002,
	Bdsk-Url-1 = {https://doi.org/10.1162%5C%2F016228802320231217},
	Bdsk-Url-2 = {http://dx.doi.org/10.1162/016228802320231217}}

@article{Evangelista:1995aa,
	Author = {Matthew Evangelista},
	Date-Added = {2017-02-10 22:38:07 +0000},
	Date-Modified = {2017-02-10 22:38:07 +0000},
	Doi = {10.1017/s0020818300001569},
	Journal = {International Organization},
	Month = {dec},
	Number = {01},
	Pages = {1},
	Publisher = {Cambridge University Press ({CUP})},
	Title = {The Paradox of State Strength: Transnational Relations, Domestic Structures, and Security Policy in Russia and the Soviet Union},
	Url = {https://doi.org/10.1017\%2Fs0020818300001569},
	Volume = {49},
	Year = 1995,
	Bdsk-Url-1 = {https://doi.org/10.1017%5C%2Fs0020818300001569},
	Bdsk-Url-2 = {http://dx.doi.org/10.1017/s0020818300001569}}

@article{Moravcsik:1991aa,
	Author = {Andrew Moravcsik},
	Date-Added = {2017-02-10 22:37:43 +0000},
	Date-Modified = {2017-02-10 22:37:43 +0000},
	Doi = {10.1017/s0020818300001387},
	Journal = {International Organization},
	Month = {dec},
	Number = {01},
	Pages = {19},
	Publisher = {Cambridge University Press ({CUP})},
	Title = {Negotiating the Single European Act: National Interests and Conventional Statecraft in the European Community},
	Url = {https://doi.org/10.1017\%2Fs0020818300001387},
	Volume = {45},
	Year = 1991,
	Bdsk-Url-1 = {https://doi.org/10.1017%5C%2Fs0020818300001387},
	Bdsk-Url-2 = {http://dx.doi.org/10.1017/s0020818300001387}}

@article{TOMZ:2013aa,
	Author = {Michael R. Tomz and Jessica L. P. Weeks},
	Date-Added = {2017-02-10 22:37:12 +0000},
	Date-Modified = {2017-02-10 22:37:12 +0000},
	Doi = {10.1017/s0003055413000488},
	Journal = {American Political Science Review},
	Month = {nov},
	Number = {04},
	Pages = {849--865},
	Publisher = {Cambridge University Press ({CUP})},
	Title = {Public Opinion and the Democratic Peace},
	Url = {https://doi.org/10.1017\%2Fs0003055413000488},
	Volume = {107},
	Year = 2013,
	Bdsk-Url-1 = {https://doi.org/10.1017%5C%2Fs0003055413000488},
	Bdsk-Url-2 = {http://dx.doi.org/10.1017/s0003055413000488}}

@article{Clark:2001aa,
	Author = {David H. Clark},
	Date-Added = {2017-02-10 22:36:57 +0000},
	Date-Modified = {2017-02-15 01:23:14 +0000},
	Doi = {10.1177/0022002701045005005},
	Journal = {Journal of Conflict Resolution},
	Month = {oct},
	Number = {5},
	Pages = {636--660},
	Publisher = {{SAGE} Publications},
	Title = {Trading Butter for Guns: Domestic Imperatives for Foreign Policy Substitution},
	Url = {https://doi.org/10.1177\%2F0022002701045005005},
	Volume = {45},
	Year = 2001,
	Bdsk-Url-1 = {https://doi.org/10.1177%5C%2F0022002701045005005},
	Bdsk-Url-2 = {http://dx.doi.org/10.1177/0022002701045005005}}

@article{Schultz:2005aa,
	Author = {Kenneth a. Schultz},
	Date-Added = {2017-02-10 22:36:39 +0000},
	Date-Modified = {2017-02-10 22:36:39 +0000},
	Doi = {10.1017/s0020818305050071},
	Journal = {International Organization},
	Month = {jan},
	Number = {01},
	Publisher = {Cambridge University Press ({CUP})},
	Title = {The Politics of Risking Peace: Do Hawks or Doves Deliver the Olive Branch?},
	Url = {https://doi.org/10.1017\%2Fs0020818305050071},
	Volume = {59},
	Year = 2005,
	Bdsk-Url-1 = {https://doi.org/10.1017%5C%2Fs0020818305050071},
	Bdsk-Url-2 = {http://dx.doi.org/10.1017/s0020818305050071}}

@article{WEEKS:2012aa,
	Author = {Jessica L. Weeks},
	Date-Added = {2017-02-10 22:35:19 +0000},
	Date-Modified = {2017-02-10 22:35:19 +0000},
	Doi = {10.1017/s0003055412000111},
	Journal = {American Political Science Review},
	Month = {may},
	Number = {02},
	Pages = {326--347},
	Publisher = {Cambridge University Press ({CUP})},
	Title = {Strongmen and Straw Men: Authoritarian Regimes and the Initiation of International Conflict},
	Url = {https://doi.org/10.1017\%2Fs0003055412000111},
	Volume = {106},
	Year = 2012,
	Bdsk-Url-1 = {https://doi.org/10.1017%5C%2Fs0003055412000111},
	Bdsk-Url-2 = {http://dx.doi.org/10.1017/s0003055412000111}}

@article{Putnam:1988aa,
	Author = {Robert D. Putnam},
	Date-Added = {2017-02-10 22:35:00 +0000},
	Date-Modified = {2017-02-10 22:35:00 +0000},
	Doi = {10.1017/s0020818300027697},
	Journal = {International Organization},
	Month = {jun},
	Number = {03},
	Pages = {427},
	Publisher = {Cambridge University Press ({CUP})},
	Title = {Diplomacy and Domestic Politics: The Logic of Two-Level Games},
	Url = {https://doi.org/10.1017\%2Fs0020818300027697},
	Volume = {42},
	Year = 1988,
	Bdsk-Url-1 = {https://doi.org/10.1017%5C%2Fs0020818300027697},
	Bdsk-Url-2 = {http://dx.doi.org/10.1017/s0020818300027697}}

@article{Rogowski:1987aa,
	Author = {Ronald Rogowski},
	Date-Added = {2017-02-10 22:34:39 +0000},
	Date-Modified = {2017-02-10 22:34:39 +0000},
	Doi = {10.2307/1962581},
	Journal = {The American Political Science Review},
	Month = {dec},
	Number = {4},
	Pages = {1121},
	Publisher = {Cambridge University Press ({CUP})},
	Title = {Political Cleavages and Changing Exposure to Trade},
	Url = {https://doi.org/10.2307\%2F1962581},
	Volume = {81},
	Year = 1987,
	Bdsk-Url-1 = {https://doi.org/10.2307%5C%2F1962581},
	Bdsk-Url-2 = {http://dx.doi.org/10.2307/1962581}}

@article{Fearon:1998aa,
	Author = {James D. Fearon},
	Date-Added = {2017-02-10 22:30:45 +0000},
	Date-Modified = {2017-02-10 22:30:45 +0000},
	Doi = {10.1146/annurev.polisci.1.1.289},
	Journal = {Annual Review of Political Science},
	Month = {jun},
	Number = {1},
	Pages = {289--313},
	Publisher = {Annual Reviews},
	Title = {{DOMESTIC} {POLITICS}, {FOREIGN} {POLICY}, {AND} {THEORIES} {OF} {INTERNATIONAL} {RELATIONS}},
	Url = {https://doi.org/10.1146\%2Fannurev.polisci.1.1.289},
	Volume = {1},
	Year = 1998,
	Bdsk-Url-1 = {https://doi.org/10.1146%5C%2Fannurev.polisci.1.1.289},
	Bdsk-Url-2 = {http://dx.doi.org/10.1146/annurev.polisci.1.1.289}}

@article{Wendt:2008aa,
	Author = {A. Wendt and R. Duvall},
	Date-Added = {2017-02-10 22:28:14 +0000},
	Date-Modified = {2017-02-10 22:28:14 +0000},
	Doi = {10.1177/0090591708317902},
	Journal = {Political Theory},
	Month = {may},
	Number = {4},
	Pages = {607--633},
	Publisher = {{SAGE} Publications},
	Title = {Sovereignty and the {Ufo}},
	Url = {https://doi.org/10.1177\%2F0090591708317902},
	Volume = {36},
	Year = 2008,
	Bdsk-Url-1 = {https://doi.org/10.1177%5C%2F0090591708317902},
	Bdsk-Url-2 = {http://dx.doi.org/10.1177/0090591708317902}}

@article{Lake:1996aa,
	Author = {David a. Lake},
	Date-Added = {2017-02-10 22:27:58 +0000},
	Date-Modified = {2017-02-10 22:27:58 +0000},
	Doi = {10.1017/s002081830000165x},
	Journal = {International Organization},
	Month = {dec},
	Number = {01},
	Pages = {1},
	Publisher = {Cambridge University Press ({CUP})},
	Title = {Anarchy, Hierarchy, and the Variety of International Relations},
	Url = {https://doi.org/10.1017\%2Fs002081830000165x},
	Volume = {50},
	Year = 1996,
	Bdsk-Url-1 = {https://doi.org/10.1017%5C%2Fs002081830000165x},
	Bdsk-Url-2 = {http://dx.doi.org/10.1017/s002081830000165x}}

@article{Lake:2003aa,
	Author = {David a. Lake},
	Date-Added = {2017-02-10 22:27:15 +0000},
	Date-Modified = {2017-02-15 00:54:44 +0000},
	Doi = {10.1046/j.1079-1760.2003.00503001.x},
	Journal = {International Studies Review},
	Month = {sep},
	Number = {3},
	Pages = {303--323},
	Publisher = {Wiley-Blackwell},
	Title = {The New Sovereignty in International Relations},
	Url = {https://doi.org/10.1046\%2Fj.1079-1760.2003.00503001.x},
	Volume = {5},
	Year = 2003,
	Bdsk-Url-1 = {https://doi.org/10.1046%5C%2Fj.1079-1760.2003.00503001.x},
	Bdsk-Url-2 = {http://dx.doi.org/10.1046/j.1079-1760.2003.00503001.x}}

@article{Krasner:1976aa,
	Author = {Stephen D. Krasner},
	Date-Added = {2017-02-10 22:25:31 +0000},
	Date-Modified = {2017-02-10 22:25:31 +0000},
	Doi = {10.2307/2009974},
	Journal = {World Politics},
	Month = {apr},
	Number = {03},
	Pages = {317--347},
	Publisher = {Cambridge University Press ({CUP})},
	Title = {State Power and the Structure of International Trade},
	Url = {https://doi.org/10.2307\%2F2009974},
	Volume = {28},
	Year = 1976,
	Bdsk-Url-1 = {https://doi.org/10.2307%5C%2F2009974},
	Bdsk-Url-2 = {http://dx.doi.org/10.2307/2009974}}

@incollection{Weber:1968,
	Author = {Max Weber and E. Matthews},
	Booktitle = {Max Weber: Selections in Translation},
	Date-Added = {2017-02-10 22:18:17 +0000},
	Date-Modified = {2017-02-15 00:06:02 +0000},
	Doi = {10.1017/cbo9780511810831.018},
	Editor = {W. G. Runciman},
	Pages = {212--225},
	Publisher = {Cambridge University Press ({CUP})},
	Title = {Politics as a Vocation},
	Url = {https://doi.org/10.1017\%2Fcbo9780511810831.018},
	Year = {1968},
	Bdsk-Url-1 = {https://doi.org/10.1017%5C%2Fcbo9780511810831.018},
	Bdsk-Url-2 = {http://dx.doi.org/10.1017/cbo9780511810831.018}}

@article{Grieco:1988aa,
	Author = {Joseph M. Grieco},
	Date-Added = {2017-02-10 22:14:16 +0000},
	Date-Modified = {2017-02-10 22:14:16 +0000},
	Doi = {10.1017/s0020818300027715},
	Journal = {International Organization},
	Month = {jun},
	Number = {03},
	Pages = {485},
	Publisher = {Cambridge University Press ({CUP})},
	Title = {Anarchy and the Limits of Cooperation: A Realist Critique of the Newest Liberal Institutionalism},
	Url = {https://doi.org/10.1017\%2Fs0020818300027715},
	Volume = {42},
	Year = 1988,
	Bdsk-Url-1 = {https://doi.org/10.1017%5C%2Fs0020818300027715},
	Bdsk-Url-2 = {http://dx.doi.org/10.1017/s0020818300027715}}

@article{Hopf:1998aa,
	Author = {Ted Hopf},
	Date-Added = {2017-02-10 22:14:01 +0000},
	Date-Modified = {2017-02-10 22:14:01 +0000},
	Doi = {10.2307/2539267},
	Journal = {International Security},
	Number = {1},
	Pages = {171},
	Publisher = {{JSTOR}},
	Title = {The Promise of Constructivism in International Relations Theory},
	Url = {https://doi.org/10.2307\%2F2539267},
	Volume = {23},
	Year = 1998,
	Bdsk-Url-1 = {https://doi.org/10.2307%5C%2F2539267},
	Bdsk-Url-2 = {http://dx.doi.org/10.2307/2539267}}

@article{Wendt:1992aa,
	Author = {Alexander Wendt},
	Date-Added = {2017-02-10 22:13:39 +0000},
	Date-Modified = {2017-02-10 22:13:39 +0000},
	Doi = {10.1017/s0020818300027764},
	Journal = {International Organization},
	Month = {mar},
	Number = {02},
	Pages = {391},
	Publisher = {Cambridge University Press ({CUP})},
	Title = {Anarchy Is What States Make of It: The Social Construction of Power Politics},
	Url = {https://doi.org/10.1017\%2Fs0020818300027764},
	Volume = {46},
	Year = 1992,
	Bdsk-Url-1 = {https://doi.org/10.1017%5C%2Fs0020818300027764},
	Bdsk-Url-2 = {http://dx.doi.org/10.1017/s0020818300027764}}

@article{Moravcsik:1997aa,
	Author = {Andrew Moravcsik},
	Date-Added = {2017-02-10 22:11:31 +0000},
	Date-Modified = {2017-02-10 22:11:31 +0000},
	Doi = {10.1162/002081897550447},
	Journal = {International Organization},
	Month = {oct},
	Number = {4},
	Pages = {513--553},
	Publisher = {Cambridge University Press ({CUP})},
	Title = {Taking Preferences Seriously: A Liberal Theory of International Politics},
	Url = {https://doi.org/10.1162\%2F002081897550447},
	Volume = {51},
	Year = 1997,
	Bdsk-Url-1 = {https://doi.org/10.1162%5C%2F002081897550447},
	Bdsk-Url-2 = {http://dx.doi.org/10.1162/002081897550447}}

@article{Ikenberry:2001aa,
	Author = {G. John Ikenberry and John J. Mearsheimer},
	Date-Added = {2017-02-10 22:09:15 +0000},
	Date-Modified = {2017-02-10 22:09:15 +0000},
	Doi = {10.2307/20050342},
	Journal = {Foreign Affairs},
	Number = {6},
	Pages = {173},
	Publisher = {{JSTOR}},
	Title = {The Tragedy of Great Power Politics},
	Url = {https://doi.org/10.2307\%2F20050342},
	Volume = {80},
	Year = 2001,
	Bdsk-Url-1 = {https://doi.org/10.2307%5C%2F20050342},
	Bdsk-Url-2 = {http://dx.doi.org/10.2307/20050342}}

@article{Jervis:1985aa,
	Author = {Robert Jervis},
	Date-Added = {2017-02-10 22:09:03 +0000},
	Date-Modified = {2017-02-10 22:09:03 +0000},
	Doi = {10.2307/2600502},
	Journal = {International Studies Quarterly},
	Month = {jun},
	Number = {2},
	Pages = {145},
	Publisher = {Oxford University Press ({OUP})},
	Title = {Pluralistic Rigor: A Comment on Bueno De Mesquita},
	Url = {https://doi.org/10.2307\%2F2600502},
	Volume = {29},
	Year = 1985,
	Bdsk-Url-1 = {https://doi.org/10.2307%5C%2F2600502},
	Bdsk-Url-2 = {http://dx.doi.org/10.2307/2600502}}

@article{McDermott:2002aa,
	Author = {Rose McDermott},
	Date-Added = {2017-02-10 22:08:43 +0000},
	Date-Modified = {2017-02-10 22:08:43 +0000},
	Doi = {10.1146/annurev.polisci.5.091001.170657},
	Journal = {Annual Review of Political Science},
	Month = {jun},
	Number = {1},
	Pages = {31--61},
	Publisher = {Annual Reviews},
	Title = {{EXPERIMENTAL} {METHODS} {IN} {POLITICAL} {SCIENCE}},
	Url = {https://doi.org/10.1146\%2Fannurev.polisci.5.091001.170657},
	Volume = {5},
	Year = 2002,
	Bdsk-Url-1 = {https://doi.org/10.1146%5C%2Fannurev.polisci.5.091001.170657},
	Bdsk-Url-2 = {http://dx.doi.org/10.1146/annurev.polisci.5.091001.170657}}

@article{McFarland:1977aa,
	Author = {David D. McFarland and Charles A. Lave and James G. March},
	Date-Added = {2017-02-10 22:08:25 +0000},
	Date-Modified = {2017-02-10 22:08:25 +0000},
	Doi = {10.2307/2065803},
	Journal = {Contemporary Sociology},
	Month = {mar},
	Number = {2},
	Pages = {196},
	Publisher = {{SAGE} Publications},
	Title = {An Introduction to Models in the Social Sciences.},
	Url = {https://doi.org/10.2307\%2F2065803},
	Volume = {6},
	Year = 1977,
	Bdsk-Url-1 = {https://doi.org/10.2307%5C%2F2065803},
	Bdsk-Url-2 = {http://dx.doi.org/10.2307/2065803}}

@article{Walt:1998aa,
	Author = {Stephen M. Walt},
	Date-Added = {2017-02-10 22:08:06 +0000},
	Date-Modified = {2017-02-10 22:08:06 +0000},
	Doi = {10.2307/1149275},
	Journal = {Foreign Policy},
	Number = {110},
	Pages = {29},
	Publisher = {{JSTOR}},
	Title = {International Relations: One World, Many Theories},
	Url = {https://doi.org/10.2307\%2F1149275},
	Year = 1998,
	Bdsk-Url-1 = {https://doi.org/10.2307%5C%2F1149275},
	Bdsk-Url-2 = {http://dx.doi.org/10.2307/1149275}}

@article{Singer:1961aa,
	Author = {J. David Singer},
	Date-Added = {2017-02-10 22:06:47 +0000},
	Date-Modified = {2017-02-15 00:14:10 +0000},
	Doi = {10.2307/2009557},
	Journal = {World Politics},
	Month = {oct},
	Number = {1},
	Pages = {77--92},
	Publisher = {Cambridge University Press ({CUP})},
	Title = {The Level-of-Analysis Problem in International Relations},
	Url = {https://doi.org/10.2307\%2F2009557},
	Volume = {14},
	Year = 1961,
	Bdsk-Url-1 = {https://doi.org/10.2307%5C%2F2009557},
	Bdsk-Url-2 = {http://dx.doi.org/10.2307/2009557}}

@article{Mesquita:1985aa,
	Author = {Bruce {Bueno De Mesquita}},
	Date-Added = {2017-02-10 22:05:55 +0000},
	Date-Modified = {2017-02-16 22:52:52 +0000},
	Doi = {10.2307/2600500},
	Journal = {International Studies Quarterly},
	Month = {jun},
	Number = {2},
	Pages = {121},
	Publisher = {Oxford University Press ({OUP})},
	Title = {Toward a Scientific Understanding of International Conflict: A Personal View},
	Url = {https://doi.org/10.2307\%2F2600500},
	Volume = {29},
	Year = 1985,
	Bdsk-Url-1 = {https://doi.org/10.2307%5C%2F2600500},
	Bdsk-Url-2 = {http://dx.doi.org/10.2307/2600500}}

@comment{BibDesk Static Groups{
<?xml version="1.0" encoding="UTF-8"?>
<!DOCTYPE plist PUBLIC "-//Apple//DTD PLIST 1.0//EN" "http://www.apple.com/DTDs/PropertyList-1.0.dtd">
<plist version="1.0">
<array>
	<dict>
		<key>group name</key>
		<string>1</string>
		<key>keys</key>
		<string>Mearsheimer:2013aa,Singer:1961aa,Waltz:1979aa,King:1994aa</string>
	</dict>
	<dict>
		<key>group name</key>
		<string>1sup</string>
		<key>keys</key>
		<string>Walt:1998aa,McFarland:1977aa,McDermott:2002aa,Jervis:1985aa,Mesquita:1985aa,Fearon:1991aa</string>
	</dict>
	<dict>
		<key>group name</key>
		<string>2</string>
		<key>keys</key>
		<string>Ikenberry:2001aa,Waltz:1979aa,Moravcsik:1997aa,Keohane:2005aa,Wendt:1992aa</string>
	</dict>
	<dict>
		<key>group name</key>
		<string>2sup</string>
		<key>keys</key>
		<string>Hopf:1998aa,Grieco:1988aa</string>
	</dict>
	<dict>
		<key>group name</key>
		<string>3. state</string>
		<key>keys</key>
		<string>hobbes:1985leviathan,Weber:1968,Tilly:1993aa,Spruyt:1996aa,Lake:2003aa,Krasner:1995aa</string>
	</dict>
	<dict>
		<key>group name</key>
		<string>3. statesup</string>
		<key>keys</key>
		<string>Lake:1996aa,Wendt:2008aa,Spruyt:1994aa</string>
	</dict>
	<dict>
		<key>group name</key>
		<string>4. week 4 sup</string>
		<key>keys</key>
		<string>WEEKS:2012aa,Schultz:2005aa,Clark:2001aa,TOMZ:2013aa</string>
	</dict>
	<dict>
		<key>group name</key>
		<string>4. Week 4. Domestic Politics and Institutions</string>
		<key>keys</key>
		<string>Frieden:1999aa,Fearon:1998aa,Mesquita:2005aa,Milner:1997aa,Rogowski:1987aa,Putnam:1988aa</string>
	</dict>
	<dict>
		<key>group name</key>
		<string>5. Transnational and Non-State Actors</string>
		<key>keys</key>
		<string>Moravcsik:1991aa,Evangelista:1995aa,Cooley:2002aa,Buthe:2012aa,Horowitz:2010aa</string>
	</dict>
	<dict>
		<key>group name</key>
		<string>6. Strategic Choice Approach</string>
		<key>keys</key>
		<string>Zagare:1999aa,Walt:1999ab</string>
	</dict>
	<dict>
		<key>group name</key>
		<string>7.  Conflict: Onset</string>
		<key>keys</key>
		<string></string>
	</dict>
	<dict>
		<key>group name</key>
		<string>8. Conflict: Duration and Resolution</string>
		<key>keys</key>
		<string></string>
	</dict>
	<dict>
		<key>group name</key>
		<string>9. Conflict: Civil War  and International Intervention</string>
		<key>keys</key>
		<string></string>
	</dict>
	<dict>
		<key>group name</key>
		<string>10. International Institutions: Design</string>
		<key>keys</key>
		<string></string>
	</dict>
	<dict>
		<key>group name</key>
		<string>11. International Institutions: Compliance, Influence, and Enforcement</string>
		<key>keys</key>
		<string></string>
	</dict>
	<dict>
		<key>group name</key>
		<string>12. International Institutions: Human Rights Regime</string>
		<key>keys</key>
		<string></string>
	</dict>
	<dict>
		<key>group name</key>
		<string>13. International Political Economy: Trade</string>
		<key>keys</key>
		<string></string>
	</dict>
	<dict>
		<key>group name</key>
		<string>14. International Political Economy: International Finance and Foreign Direct Investment</string>
		<key>keys</key>
		<string></string>
	</dict>
	<dict>
		<key>group name</key>
		<string>15. International Political Economy: Migration and Remittances, and  Foreign Aid</string>
		<key>keys</key>
		<string></string>
	</dict>
	<dict>
		<key>group name</key>
		<string>environment</string>
		<key>keys</key>
		<string>Raustiala:1997aa</string>
	</dict>
	<dict>
		<key>group name</key>
		<string>sup5. Transnational and Non-State Actors</string>
		<key>keys</key>
		<string>buthe:2004governance,Finnemore:1998aa,Hyde:2011aa</string>
	</dict>
	<dict>
		<key>group name</key>
		<string>sup6. Strategic Choice Approach</string>
		<key>keys</key>
		<string>Lake:2011aa</string>
	</dict>
	<dict>
		<key>group name</key>
		<string>sup7.  Conflict: Onset</string>
		<key>keys</key>
		<string></string>
	</dict>
	<dict>
		<key>group name</key>
		<string>sup8. Conflict: Duration and Resolution</string>
		<key>keys</key>
		<string></string>
	</dict>
	<dict>
		<key>group name</key>
		<string>sup9. Conflict: Civil War  and International Intervention</string>
		<key>keys</key>
		<string></string>
	</dict>
	<dict>
		<key>group name</key>
		<string>sup10. International Institutions: Design</string>
		<key>keys</key>
		<string></string>
	</dict>
	<dict>
		<key>group name</key>
		<string>sup11. International Institutions: Compliance, Influence, and Enforcement</string>
		<key>keys</key>
		<string></string>
	</dict>
	<dict>
		<key>group name</key>
		<string>sup12. International Institutions: Human Rights Regime</string>
		<key>keys</key>
		<string></string>
	</dict>
	<dict>
		<key>group name</key>
		<string>sup13. International Political Economy: Trade</string>
		<key>keys</key>
		<string></string>
	</dict>
	<dict>
		<key>group name</key>
		<string>sup14. International Political Economy: International Finance and Foreign Direct Investment</string>
		<key>keys</key>
		<string></string>
	</dict>
	<dict>
		<key>group name</key>
		<string>sup15. International Political Economy: Migration and Remittances, and  Foreign Aid</string>
		<key>keys</key>
		<string></string>
	</dict>
</array>
</plist>
}}
